2460 3848
122 155 187 221 278
486 157 760 210 ΑΡΧΑΙΟΛΟΓΙΑΣ

120 331 187 384 τῶν
214 317 488 406 Ἱεροσολυμιτῶν
519 315 680 405 βασιλέως
711 322 860 405 χαλεπῶς
889 315 1074 404 φέροντος
1106 321 1153 388 ἐπὶ
1192 375 1193 389 .

121 434 166 515 τῷ
195 425 437 512 μετατάξασθαι
464 429 547 513 πρὸς
572 428 631 492 τὸν
650 421 783 510 Ἰησοῦν
811 426 890 502 τοὺς
913 427 1153 512 Γαβαωνίτας,

121 533 176 600 καὶ
205 538 283 612 τοὺς
310 546 377 598 τῶν
403 536 545 616 πλησίον
574 532 686 598 ἐθνῶν
723 528 1027 617 παρακαλέσαντος
1062 539 1153 620 βασι-

121 638 197 716 λέας
215 640 425 724 συνάρασθαι
443 648 489 726 τῷ
508 637 580 704 κατ’
603 638 714 704 αὐτῶν
732 635 876 726 πολέμῳ,
898 639 1055 718 τούτους
1075 665 1154 727 παρ-

122 749 219 821 όντας
251 749 314 810 σὺν
347 745 435 834 αὐτῷ
469 744 632 833 (τέτταρες
662 742 692 809 δ’
729 740 830 831 ήσαν)
861 744 898 810 οί
927 747 966 809 Γ
960 750 1173 831 αβαωνίταιι

122 853 249 927 ἰδόντες
277 848 333 915 καὶ
365 848 752 937 στρατοπεδευσαμένους
784 848 840 914 ἐπί
865 872 935 914 τινι
969 863 1069 939 πηγῇ
1101 864 1154 939 της

120 960 247 1033 πόλεως
260 958 322 1022 οὐκ
340 959 477 1022 άπωθεν
496 957 803 1043 παρασκευάζεσθαι
826 957 909 1041 πρὸς
930 964 1153 1047 πολιορκίαν,

121 1061 343 1130 ἐπεκαλοῦντο
371 1065 544 1150 σύμμαχον
568 1060 713 1149 Ἰησοῦν·
746 1062 833 1148 <59>
858 1061 895 1127 ἐν
922 1066 1068 1144 τούτοις
1092 1071 1153 1152 γάρ

121 1164 164 1252 ἦν
182 1169 294 1247 αύτοῑς
316 1171 356 1236 τά
378 1171 564 1255 πράγματα,
588 1171 632 1247 ὡς
659 1170 724 1235 ὑπὸ
747 1166 809 1254 μέν
831 1180 899 1234 τῶν
922 1171 1070 1240 οἰκείων
1095 1174 1154 1240 άπ-

122 1280 274 1341 ολείσθαι
297 1279 499 1363 προσδοκᾶν,
521 1277 587 1342 ὑπὸ
611 1273 648 1341 δέ
671 1287 738 1342 τῶν
762 1273 812 1342 ἐπ’
835 1273 970 1364 ὀλέθρῳ
996 1290 1064 1346 τοῦ
1087 1286 1183 1346 >sa-1⁰

120 1386 270 1449 ναναίων
298 1382 415 1468 γένους
443 1383 715 1470 στρατευσάντων
742 1385 960 1466 σωθήσεσθαι
996 1385 1059 1450 διὰ
1092 1389 1153 1472 τήν

121 1488 305 1575 γενομένην
341 1492 457 1576 φιλίαν
493 1490 752 1574 ὑπολαμβάνειν.
803 1487 891 1571 <60>
922 1484 980 1552 καὶ
1018 1487 1153 1576 Ἰησοῦς

121 1605 324 1683 πανστρατιᾷ
348 1597 491 1673 σπεύσας
515 1594 567 1661 ἐπὶ
585 1597 647 1680 τήν
670 1599 844 1680 βοήθειαν,
866 1590 922 1658 καὶ
945 1589 993 1657 δι’
1022 1596 1153 1684 ἡμέρας

121 1700 177 1767 καὶ
195 1705 315 1777 νυκτὸς
333 1702 469 1785 ἀνύσας,
492 1702 630 1788 ὄρθριος
649 1701 690 1767 οὐ
708 1698 932 1787 προσμένουσι
950 1712 1027 1778 τοῖς
1050 1712 1151 1772 πολε-

122 1810 210 1892 μίοις
233 1807 414 1892 ἐπιπίπτει,
436 1806 491 1872 καὶ
514 1809 685 1895 τραπεῖσιν
708 1808 816 1872 εἵπετο
840 1806 972 1871 διώκων
997 1808 1061 1874 διὰ
1084 1829 1183 1898 χω-ιι

122 1917 204 1998 ρίων
228 1912 418 1979 ἐπικλινῶν·
443 1916 590 1999 Βήθωρα
608 1918 763 1979 καλεῖται.
809 1915 894 1978 ἔνθα
916 1909 972 1976 καὶ
994 1917 1063 2000 τήν
1086 1929 1151 1985 τοῦ

120 2025 205 2084 θεοῦ
233 2022 413 2105 συνεργίαν
440 2022 584 2104 ἔμαθεν,
615 2019 878 2105 ἐπισημήναντος
906 2017 1011 2083 αὐτοῦ
1041 2027 1150 2109 βρυν-

120 2136 192 2203 ταῖς
220 2150 255 2192 τε
285 2125 340 2192 καὶ
366 2139 539 2213 κεραυνῶν
566 2126 682 2212 άφέσει
709 2125 765 2192 καὶ
796 2125 935 2211 χαλάζης
964 2141 1149 2218 καταφορᾷ

121 2236 270 2315 μείζονος
300 2242 357 2317 τῆς
387 2237 567 2319 συνήθους.
621 2233 708 2316 <61>
741 2234 788 2297 ἐτι
821 2253 858 2314 γε
890 2232 956 2315 μήν
988 2230 1049 2296 καὶ
1084 2239 1148 2321 τήν

120 2338 246 2427 ἡμέραν
270 2338 456 2423 αὐξηθῆναι
479 2337 599 2424 πλέον,
622 2339 666 2416 ὡς
689 2337 731 2403 άν
754 2339 798 2423 μή
821 2339 1058 2419 καταλαβοῦσα
1082 2342 1146 2422 νὺξ
1161 2361 1183 2401 ιο

121 2443 237 2531 ἐπίσχη
259 2446 321 2529 τήν
343 2455 410 2509 τῶν
428 2443 592 2531 Ἑβραίων
610 2449 816 2533 προθυμίαν,
838 2440 1031 2528 συνέπεσεν,
1057 2447 1147 2514 ὥστε

119 2547 174 2612 καὶ
197 2551 358 2633 λαμβάνει
380 2553 458 2627 τοὺς
483 2549 637 2635 βασιλέας
656 2549 784 2634 Ἰησοῦς
807 2552 843 2615 ἐν
866 2573 932 2615 τινι
954 2554 1145 2638 κρυπτομέ-

120 2676 201 2731 νους
223 2660 371 2742 σπηλαίῳ
390 2657 472 2719 κατά
490 2656 668 2740 Μακκηδά,
691 2653 746 2720 καὶ
768 2655 897 2733 κολάζει
920 2655 1053 2733 πάντας.
1091 2661 1144 2726 ὅτι

121 2755 159 2825 δέ
181 2762 219 2826 τὸ
246 2769 349 2844 μῆκος
376 2769 432 2844 τῆς
459 2759 582 2848 ἡμέρας
611 2760 753 2827 ἐπέδωκε
785 2765 858 2828 τότε
890 2761 946 2827 καὶ
972 2773 1033 2828 τοῦ
1058 2781 1144 2832 συν-

120 2870 228 2952 ήθους
246 2865 435 2950 ἐπλεόνασε,
455 2867 612 2949 δηλοῦται
632 2869 687 2933 διδι
705 2878 773 2933 τῶν
796 2866 1022 2952 ἀνακειμένων
1038 2867 1076 2934 ἐν
1092 2881 1140 2962 τῷ
1158 2890 1183 2932 ει

122 2975 198 3062 ἱερῷ
222 2973 432 3060 γραμμάτων.

68 3096 101 3146 18
188 3082 274 3165 <62>
291 3077 585 3165 κατεστραμμένων
605 3077 636 3146 δ’
658 3081 745 3148 οὕτω
763 3092 831 3146 τῶν
849 3078 924 3167 περὶ
942 3083 1020 3157 τοὺς
1042 3085 1142 3164 βασι-

120 3184 195 3262 λέας
225 3189 260 3250 οἳ
286 3189 364 3262 τοὺς
394 3189 608 3270 Γαβαωνίτας
635 3190 876 3272 πολεμήσοντες
904 3185 1140 3273 ἐστράτευσαν,

121 3288 256 3376 ἐπανῄει
279 3291 379 3356 πάλιν
402 3301 460 3376 τῆς
480 3296 668 3371 Χαναναίας
688 3292 739 3359 ἐπὶ
757 3295 819 3378 τήν
842 3292 977 3380 ὀρεινήν
996 3291 1139 3380 Ἰησοῦς,

119 3395 175 3462 καὶ
197 3401 305 3463 πολὺν
327 3409 394 3464 τῶν
417 3398 455 3465 ἐν
478 3400 560 3484 αὐτή
588 3403 697 3485 φόνον
720 3399 942 3484 ἐργασάμενος
964 3397 1019 3465 καὶ
1043 3403 1139 3466 λείαν
1153 3418 1180 3458 ³0

192 3519 466 3585 §ffl=MXL
