2460 3848
530 179 688 230 HEMHTH
1053 175 1117 240 283

103 341 236 421 λίμνης,
263 342 479 424 καθήκουσαν
510 335 547 404 δὲ
569 337 644 425 περὶ
668 339 849 425 Κάρμηλον
872 337 926 404 καὶ
950 339 1119 403 θάλατταν

104 445 231 529 ἔλαχον.
268 445 354 528 <85>
374 446 435 528 τήν
454 441 491 509 δέ
509 444 573 510 ἀπὸ
592 454 652 511 τοῦ
668 449 850 531 Καρμήλου
864 445 1004 511 κοιλάδα
1017 461 1119 530 προσ-

101 548 348 636 αγορευομένην
379 551 434 615 διδι
464 552 502 615 τὸ
532 548 586 614 καὶ
624 551 780 634 τοιαύτην
815 546 919 634 εἶναι,
952 546 1119 635 Ἀσηρῖται

100 654 259 742 φέρονται
277 665 399 739 πᾶσαν,
418 657 480 739 τήν
499 653 551 720 ἐπὶ
570 658 724 733 Σιδῶνος
747 653 981 742 τετραμμένην.
1014 653 1118 741 ’Ἀρκη

72 758 138 826 εδδ
168 765 264 838 πόλις
292 763 440 847 ὑπῆρχεν
469 760 581 838 αὐτοῖς
605 760 641 826 ἐν
668 770 707 846 τή
735 764 863 848 μερίδι,
893 759 992 845 ήκαὶ
1012 759 1119 826 Ἐκδί-

100 889 192 944 πους.
230 868 318 951 <86>
332 869 372 931 τδι
391 864 429 932 δὲ
442 869 525 954 πρὸς
542 868 599 944 τδις
618 865 781 944 ἀνατολάς
799 865 1003 954 τετραμμένα
1021 865 1117 952 μέχρι

101 978 286 1059 Δαμασκοῦ
312 978 439 1052 πόλεως
465 972 520 1039 καὶ
547 982 604 1057 τής
631 976 810 1050 Γαλιλαίας
835 975 876 1038 τδι
903 974 1119 1059 καθύπερθεν

100 1084 313 1165 Νεφθαλῖται
343 1080 551 1167 παρέλαβον,
583 1079 644 1155 ἕως
670 1089 731 1145 τοῦ
754 1079 906 1164 Λιβάνου
935 1082 1035 1166 όρους
1063 1077 1118 1144 καλ

101 1199 167 1251 τών
185 1197 246 1252 τοῦ
265 1184 439 1273 Ἰορδάνου
457 1197 585 1271 πηγῶν,
609 1188 645 1250 αἳ
666 1186 726 1268 τήν
746 1185 853 1271 ὁρμήν
877 1184 913 1249 ἐκ
935 1195 995 1250 τοῦ
1019 1187 1119 1271 όρους

60 1314 86 1352 10
101 1295 213 1378 έχουσι
236 1295 372 1377 τούτου,
402 1295 608 1378 καθήκοντος
631 1302 701 1368 τοῖς
723 1291 814 1376 ὅροις
836 1291 918 1355 κατδι
940 1291 981 1354 τδι
1003 1293 1118 1376 βόρεια

100 1402 226 1476 πόλεως
236 1397 358 1485 ’Ἀρκης
375 1400 607 1485 παροικούσης.
650 1397 738 1482 <87>
757 1401 900 1462 Δανῖται
919 1393 957 1461 δέ
975 1406 1032 1480 τῆς
1049 1401 1118 1462 κοί-

101 1511 160 1589 λης
190 1507 251 1571 ὅσα
280 1508 363 1592 πρὸς
390 1508 556 1590 δυόμενον
586 1502 759 1590 τέτραπται
786 1505 845 1568 τὸν
872 1503 970 1586 ήλιον
999 1503 1118 1587 λαγχά-

100 1629 238 1696 νουσιν,
264 1611 391 1701 Ἀζώτφ
421 1609 476 1677 καὶ
504 1613 638 1698 Δώροις
666 1610 869 1696 ὁριζόμενοι,
896 1605 1061 1691 Ἰάμνειάν
1083 1632 1117 1673 τε

100 1726 210 1782 πᾶσαν
238 1715 293 1782 καὶ
320 1719 352 1781 Γ
350 1715 462 1801 ε’τταν,
493 1713 547 1781 ἀπ’
571 1714 758 1802 Ἀκάρωνος
784 1714 846 1792 ἕως
872 1723 933 1780 τοῦ
961 1716 1061 1800 όρους
1084 1714 1116 1792 ἐξ

62 1843 87 1884 15
102 1817 142 1887 οὗ
165 1823 185 1906 ἡ
206 1820 317 1887 Ἰούδα
339 1817 440 1908 ήρκτο
464 1824 563 1905 φυλή.

167 1929 253 2012 <88>
281 1926 336 1994 καὶ
367 1928 399 2006 ἓξ
424 1925 486 2011 μὲν
510 1931 594 2012 ἔθνη
618 1939 685 1994 τών
709 1924 809 1993 υίέων
839 1936 899 1993 τοῦ
925 1930 1115 1993 Χαναναίου
1135 1944 1168 1993 23

100 2032 245 2120 φέροντα
275 2037 336 2119 τήν
369 2035 560 2119 ἐπωνυμίαν
598 2038 721 2101 διεῖλεν
753 2034 858 2111 οὕτως
886 2030 1030 2118 Ἰησοῦς,
1062 2032 1117 2099 καὶ

99 2143 161 2225 τήν
185 2150 248 2224 μήν
271 2153 342 2218 ταῖς
369 2139 466 2206 ἐννέα
495 2139 551 2206 καὶ
578 2149 617 2225 τῇ
639 2141 773 2227 ἡμισείᾳ
795 2145 917 2225 φυλαῖς
939 2141 1041 2205 ἔδωκε
1064 2137 1117 2205 νέ-

100 2253 236 2332 μεσθαι·
260 2248 347 2331 <89>
366 2248 427 2330 τήν
446 2248 509 2333 γὰρ
530 2243 709 2332 Ἀμορῖτιν,
731 2244 787 2311 καὶ
805 2246 909 2330 αὐτήν
929 2245 1033 2322 ούτως
1054 2243 1112 2329 ἀφ’

60 2374 86 2413 εο
101 2350 175 2429 ἑνὸς
193 2363 260 2418 τών
277 2357 469 2419 Χαναναίου
487 2354 617 2418 παίδων
636 2349 857 2436 καλουμένην,
878 2355 1030 2435 Μωυσῆς
1051 2352 1115 2434 ήδη

98 2461 308 2545 προειληφὼς
325 2463 499 2544 νενεμήκει
517 2468 588 2536 ταῖς
606 2456 684 2524 δυσὶ
706 2462 827 2544 φυλαῖς
845 2456 901 2524 καὶ
923 2467 968 2546 τῷ
991 2458 1115 2542 ἡμίσει·

99 2574 196 2631 τοῦτο
221 2563 258 2632 δὲ
281 2565 522 2653 καὶπρότερον
546 2566 788 2650 δεδηλώκαμεν.
834 2567 874 2631 τὰ
898 2562 934 2630 δὲ
957 2567 1033 2652 περὶ
1056 2569 1116 2630 Σι-

99 2674 189 2737 δῶνα
217 2671 271 2739 καὶ
296 2670 511 2758 Ἀρουκαίους
537 2671 592 2739 καὶ
612 2670 814 2757 Ἀμαθαίους
840 2670 896 2739 καὶ
921 2670 1116 2757 Ἀραδαίους

98 2777 325 2864 ἀδιακόσμητα
347 2775 399 2864 ἦν.
704 2846 707 2851 ,

58 2903 84 2944 25
165 2885 252 2968 <90>
273 2882 401 2968 Ἰησοῦς
415 2885 464 2970 δέ,
486 2894 546 2950 τοῦ
560 2889 669 2970 γήρως
682 2884 913 2969 ἐμποδίζοντος
931 2886 995 2967 ήδη
1015 2882 1116 2968 πράτ-
1134 2899 1169 2947 24

98 2998 168 3055 τειν
192 2991 253 3056 ὅσα
276 2988 331 3056 καὶ
358 2994 507 3075 νοήσειε,
534 3001 601 3055 τῶν
628 3012 663 3054 τε
691 2987 760 3073 μετ’
788 2991 890 3054 αὐτὸν
912 2990 974 3077 τήν
996 2988 1116 3071 ἡγεμο-

98 3100 176 3161 νίαν
212 3099 473 3183 παραλαβόντων
510 3094 638 3179 άμελώς
673 3093 889 3180 προστάντων
923 3103 983 3159 τοῦ
1019 3103 1114 3178 κοινή

99 3201 338 3288 συμφέροντος,
360 3205 559 3287 παρήγγειλε
578 3204 668 3284 φυλῇ
688 3196 806 3285 ἑκάστη
824 3207 885 3265 τοῦ
908 3197 1026 3282 γένους
1048 3211 1114 3265 τών

101 3312 301 3374 Χαναναίων
329 3303 433 3392 μηδὲν
462 3305 655 3372 ὑπολείπειν
679 3304 716 3370 ἐν
739 3313 778 3389 τῇ
801 3304 1114 3392 κατακεκληρωμένῃ

58 3432 86 3472 80
99 3423 141 3499 μή
165 3417 239 3500 (τήν
262 3416 324 3500 γάρ
353 3414 537 3499 ἀσφάλειαν
565 3412 676 3489 αὐτοῖς
703 3408 758 3476 καὶ
787 3412 848 3495 τήν
871 3414 1024 3496 φυλακήν
1047 3424 1114 3478 τῶν

171 3535 357 3601 §85=10s.
376 3535 440 3587 XIX
458 3542 500 3591 24.
