2460 3848
545 124 673 176 ΠΡΩΤΗ
1073 123 1115 186 49

97 284 220 350 τούτου
250 280 287 349 δὲ
310 286 520 368 Λατούσιμος
534 282 713 369 ’Ἀσσουρις
735 286 907 367 Λονόμης,
935 284 1116 349 Μαδιάνου

99 388 137 456 δὲ
157 387 257 475 Ἐφᾶς
277 387 405 476 Ώφρήν
419 388 567 475 Ἀνωχος
586 387 717 474 Ἐβιδᾶς
736 387 860 466 Ἐλδᾶς.
907 390 1017 473 <239>
1041 391 1116 455 τού-

98 520 168 573 τοις
192 497 292 562 άπασι
311 507 380 573 τοῖς
397 494 491 560 παισὶ
513 494 569 561 καὶ
592 507 661 572 τοῖς
683 497 819 572 υίωνοίς
833 494 1000 582 ’Ἅβραμος
1022 494 1116 561 ἀποι-

98 613 181 668 κιῶν
196 606 335 678 στόλους
348 611 543 687 μηχανᾶται,
562 599 616 665 καὶ
635 604 696 684 τήν
714 625 748 666 τε
768 604 1002 685 Τρωγλοδῦτιν
1020 625 1117 667 κατα-

71 709 325 793 ελαμβάνουσι,
354 705 409 772 καὶ
439 708 526 790 [τήν]
557 717 614 791 τής
643 707 840 791 εὐδαίμονος
860 706 1012 793 Ἀραβίας
1035 709 1117 774 ὅσον

100 813 153 880 ἐπὶ
180 816 241 898 τήν
261 811 436 899 Ἐρυθρὰν
463 814 632 879 θάλατταν
660 816 809 897 καθήκει.
855 813 983 898 λέγεται
1014 811 1044 879 δ’
1072 815 1116 891 ὡς

100 915 198 996 οὗτος
221 920 239 985 6
260 916 385 1004 Ὠφρήν
414 915 613 1006 στρατεύσας
641 917 694 984 ἐπὶ
723 921 784 1003 τήν
806 922 939 1004 Λιβύην
962 919 1117 1006 κατέσχεν

100 1026 215 1109 αύτήν,
238 1024 293 1090 καὶ
312 1026 347 1090 oc
362 1024 481 1090 υίωνοὶ
500 1024 603 1091 αὐτοῦ
621 1027 874 1107 κατοικήσαντες
896 1026 933 1091 έν
953 1026 1033 1111 αὐτή
1050 1027 1118 1111 Ιτήν

99 1140 163 1217 γῆν
192 1131 255 1196 άπὸ
283 1141 343 1196 τοῦ
367 1131 496 1197 ἐκείνου
525 1131 687 1215 ὀνόματος
706 1128 865 1217 Ἀφρικὴν
893 1137 1118 1217 προσηγόρευ-

59 1258 86 1298 10
101 1254 173 1303 σαν.
220 1238 329 1321 <240>
343 1249 504 1324 μαρτυρεῖ
520 1236 637 1322 δέμον
656 1246 701 1325 τῷ
722 1240 810 1326 λόγφ
829 1236 884 1303 καὶ
904 1234 1118 1325 Ἀλέξανδρος

101 1345 118 1410 6
149 1347 358 1429 πολυίστωρ,
390 1342 497 1427 λέγων
529 1343 635 1420 οὕτως
662 1342 869 1427 ςΚλεόδημος
897 1342 938 1408 δέ
966 1361 1070 1428 φησιν
1099 1345 1117 1411 6

100 1452 281 1535 προφήτης,
304 1451 322 1516 6
346 1448 399 1516 καὶ
419 1450 569 1535 Μάλχος,
593 1450 610 1516 6
631 1450 772 1534 ίστορῶν
790 1451 830 1513 τά
848 1447 924 1535 περὶ
938 1435 1116 1515 ,Ἰουδαίων

100 1556 214 1631 καθὼς
235 1555 290 1620 καὶ
312 1558 462 1640 Μωυσῆς
486 1556 659 1640 ίστόρησεν
679 1554 696 1619 6
715 1552 902 1636 νομοθέτης
924 1554 1045 1638 αὐτῶν,
1069 1556 1118 1618 ὅτι

102 1661 138 1726 ἐκ
173 1671 230 1745 τής
267 1662 433 1747 Χετούρας
461 1657 613 1749 Ἁβράμῳ
650 1656 804 1742 έγένοντο
841 1661 956 1736 παῖδες
988 1659 1117 1725 ίκανοί.’

60 1787 87 1828 ιε
102 1768 213 1850 <241>
228 1765 316 1850 λέγει
336 1763 372 1831 δὲ
392 1767 501 1831 αὐτῶν
520 1763 575 1830 καὶ
593 1767 633 1830 τά
652 1766 809 1851 ὀνόματα,
833 1765 1003 1851 ὀνομάζων
1022 1777 1119 1850 τρεῖς,

98 1870 241 1958 Ἀφέραν
265 1871 414 1957 Σουρεὶμ
434 1857 581 1957 Ἰάφραν.Ι
626 1871 689 1938 άπὸ
709 1869 858 1956 Σουρεὶμ
881 1867 943 1955 μὲν
965 1873 1026 1955 τήν
1047 1868 1118 1936 Ἀσ-

103 1981 223 2060 συρίαν
250 1983 452 2061 κεκλῆσθαι,
485 1976 548 2043 άπὸ
577 1974 614 2042 δὲ
644 1988 710 2041 τῶν
739 1978 822 2060 δύο,
851 1973 972 2062 Ἀφέρα
1002 2001 1036 2041 τε
1063 1975 1120 2042 καὶ

100 2065 228 2164 Ἰάφρα,
245 2084 344 2145 πόλιν
362 2106 396 2147 τε
408 2080 539 2168 ’Ἀφραν
553 2081 607 2147 καὶ
621 2084 683 2166 τήν
696 2082 807 2167 χώραν
823 2078 983 2167 Ἀφρικήν
999 2082 1120 2166 ὀνομα-

104 2192 241 2268 σθῆναι·
261 2186 399 2263 τούτους
413 2187 476 2272 γάρ
490 2185 648 2270 Ἡρακλεῖ
661 2197 898 2271 συστρατεῦσαι
913 2185 966 2252 ἐπὶ
985 2189 1118 2272 Λιβύην

61 2315 89 2356 εο
102 2290 157 2357 καὶ
173 2289 337 2375 Ἀνταῖον,
355 2292 505 2377 γήμαντά
523 2315 557 2356 τε
576 2294 637 2376 τήν
648 2291 758 2379 ’.Ἀφρα
770 2291 939 2380 θυγατέρα
954 2291 1119 2379 Ἡρακλέα

103 2408 261 2483 γεννῆσαι
283 2399 360 2464 υίὸν
384 2397 416 2476 έξ
441 2399 541 2482 αύτής
562 2400 737 2483 Δίδωρον,
760 2400 879 2466 τούτου
903 2396 940 2465 δὲ
963 2400 1121 2485 γενέσθαι

103 2510 267 2590 Σοφῶνα,
297 2503 353 2590 ἀφ’
385 2500 426 2571 οὗ
454 2507 532 2582 τοὺς
562 2506 751 2590 βαρβάρους
774 2509 932 2592 Σόφακας
955 2506 1120 2591 λέγεσθαι.

68 2637 78 2655 ·
171 2612 281 2695 (242)
302 2609 416 2700 Ἰσάκφ
442 2608 478 2676 δὲ
501 2609 577 2697 περὶ
594 2615 851 2698 τετταρακοστὸν
875 2616 946 2691 ἔτος
968 2618 1120 2698 γεγονότι
1133 2614 1173 2678 16

105 2729 246 2799 γυναῖκα
268 2721 372 2800 γνοὺς
389 2715 573 2801 ἀγαγέσθαι
597 2719 614 2785 6
633 2721 738 2804 πατήρ
754 2717 921 2804 ’Ἀβραμος
938 2718 1122 2804 Ῥεβέκκαν,

64 2842 90 2884 ιι
105 2825 273 2908 Ναχώρου
300 2802 418 2899 παιδδς
446 2821 615 2908 θυγατέρα
642 2824 825 2909 τάδελφοῦ,
856 2827 915 2889 τὸν
937 2825 1120 2907 πρεσβύτα-

86 2950 164 2996 ·τον
192 2929 310 3015 πέμπει
337 2941 404 2995 τῶν
432 2931 569 2995 οἰκετῶν
597 2929 650 2994 ἐπὶ
677 2933 738 3014 τήν
761 2932 956 3013 μνηστείαν,
984 2926 1123 3010 ἐνδησά-

105 3060 204 3120 μενος
222 3037 378 3120 μεγάλαις
396 3040 533 3101 πίστεσι.
580 3036 689 3118 <243>
710 3038 861 3117 γίνονται
880 3031 909 3096 δ’
933 3027 1029 3096 αὗται
1047 3044 1123 3098 τοῦ-

106 3166 164 3207 τον
187 3145 246 3207 τὸν
265 3145 402 3227 τρόπον·
428 3143 492 3207 ὑπὸ
511 3145 588 3215 τοὺς
608 3141 733 3223 μηρούς
756 3137 910 3220 ἀλλήλοις
931 3139 989 3216 τὰς
1011 3149 1122 3225 χείρας

106 3247 341 3331 ἐπαγαγόντες,
374 3245 472 3312 ἔπειτ’
505 3245 738 3311 ἐπικαλοῦνται
769 3246 828 3309 τὸν
859 3246 943 3310 θεὸν
973 3246 1123 3331 μάρτυρα

66 3371 94 3411 30
109 3365 175 3418 τῶν
199 3352 375 3436 ἐσομένων.
422 3355 542 3435 ἔπεμπε
572 3346 609 3414 δὲ
636 3348 690 3415 καὶ
715 3351 806 3435 δῶρα
828 3361 897 3428 τοῖς
919 3350 988 3416 ἐκεῖ
1009 3353 1064 3416 διδι
1087 3355 1124 3417 τὸ

182 3480 197 3539 ξ
217 3479 268 3527 239
285 3500 318 3518 =
332 3473 400 3528 Gen.
420 3472 498 3525 XXV
518 3479 541 3526 6.

163 3573 177 3611 Ι
178 3582 329 3614 εεεεεεεεεε
965 3565 986 3613 δι
