2460 3848
111 137 154 203 58
477 141 750 194 ΑΡΧΑΙΟΛΟΓΙΑΣ

111 300 194 385 ὅσην
221 300 314 383 ήλιος
341 301 403 387 δρᾷ
430 299 485 364 καὶ
513 309 577 383 γήν
606 299 661 365 καὶ
684 301 861 366 θάλατταν.
909 301 1018 385 <283>
1043 299 1129 366 ἀλλά

113 410 192 491 μήτε
212 408 372 472 κίνδυνον
390 406 507 491 ὑφορῶ
529 402 656 489 μηδένα
674 404 746 490 μήτ’
770 407 915 491 εὐλαβοῦ
938 410 975 473 τὸ
998 413 1130 491 πλῆθος

110 524 177 578 τῶν
210 516 345 596 πόνων,
379 511 460 596 ἐμοῦ
488 508 692 595 ποιουμένου
721 524 788 578 τῶν
817 529 869 578 σοι
897 511 1130 598 πραχθησομέ-

110 642 181 683 νων
204 620 366 702 πρόνοιαν
390 620 427 683 έν
450 640 484 682 τε
507 627 577 694 τοῖς
599 627 663 683 νῦν
686 617 742 683 καὶ
764 621 850 684 πολὺ
874 617 976 684 πλέον
999 618 1036 683 έν
1059 629 1130 695 τοῖς

110 722 273 808 ύστερον.’
355 799 360 808 ,
1157 745 1170 786 5

76 845 92 894 3
180 831 289 913 (284)
309 839 410 894 ταῦτα
429 825 490 913 μὲν
509 824 609 896 οὗν-ό
627 832 708 907 θεὸς
727 828 870 920 Ἰακώβῳ
893 831 1129 916 προαγορεύει·

112 935 130 1000 δ
161 931 198 1000 δὲ
230 937 409 1021 περιχαρής
445 940 624 1019 γενόμενος
656 934 709 1001 έπλ
741 948 810 1013 τοῖς
842 934 1042 1022 ἑωραμένοις
1074 936 1130 1001 καί

111 1039 386 1127 κατηγγελμένοις
408 1043 587 1127 φαιδρύνει
610 1065 644 1107 τε
670 1046 748 1120 τοὺς
771 1046 889 1121 λίθους
911 1043 1131 1126 ὡς-τηλικού-
1177 1088 1179 1090 v

111 1171 179 1213 των
202 1146 341 1230 ἀγαθῶν
365 1144 415 1212 ἐπ’
443 1148 556 1224 αὐτοῖς
578 1152 791 1233 προρρήσεως
813 1145 1051 1232 γεγενημένης,
1074 1145 1130 1212 καὶ

112 1255 214 1340 εὐχήν
237 1264 379 1318 ποιεῖται
401 1255 523 1319 θύσειν
548 1250 597 1319 ἐπ’
625 1253 751 1338 αὐτῶν,
775 1255 806 1318 εί
827 1255 1030 1338 κτησόμενος
1052 1256 1129 1336 βίον
1145 1281 1171 1318 10

113 1359 247 1443 ἀπαθής
269 1358 417 1443 ε’πανίοι,
439 1355 495 1423 καὶ
517 1367 563 1446 τῷ
586 1366 655 1445 θεῷ
681 1344 820 1443 δεκάτηυ
843 1371 910 1424 τῶν
932 1357 1129 1442 πεπορισμέ-

112 1490 183 1531 νων
213 1468 413 1549 ποιήσεσθαι
443 1465 549 1541 ούτως
578 1460 679 1542 αὖθις
701 1463 910 1548 ἀφικόμενος.
956 1468 1065 1549 τίμιόν
1094 1489 1129 1530 τε

112 1575 219 1658 κρίνει
241 1573 279 1636 τὸ
297 1574 433 1656 χωρίον,
456 1573 562 1653 ὄνομα
581 1570 668 1659 αὐτῷ
693 1572 811 1655 Βηθήλ
833 1567 988 1654 θέμενος·
1013 1574 1129 1654 σημαί-

113 1701 164 1742 νει
197 1674 234 1743 δὲ
265 1686 363 1742 τοῦτο
395 1679 494 1741 θείαν
527 1674 639 1741 ἑστίαν
671 1679 753 1741 κατά
781 1678 842 1761 τήν
869 1687 936 1741 τῶν
958 1674 1145 1761 Ἑλλήνων

106 1789 270 1867 γλῶτταν.
1143 1810 1169 1850 15

76 1905 94 1954 4
181 1887 291 1971 (285)
299 1888 426 1971 προϊὼν
441 1883 472 1950 δ’
488 1885 542 1952 έπὶ
554 1896 612 1971 τής
623 1891 880 1971 Μεσοποταμίας
894 1891 1004 1977 χρόνῳ
1018 1898 1128 1973 παρήν

112 1997 159 2071 είς
191 1994 251 2076 τὴν
284 1994 430 2080 Χαρράν.
475 1992 530 2058 καὶ
562 1991 719 2078 ποιμένας
752 1993 789 2059 έν
822 2005 890 2070 τοίς
921 1999 1129 2079 προαστείοις

112 2101 307 2185 καταλαβὼν
334 2098 390 2166 καὶ
416 2102 536 2177 παῖδας
559 2099 714 2185 ἐφήβους
734 2099 789 2165 καὶ
812 2097 1017 2186 παρθένους,
1043 2099 1127 2186 ὑπέρ

113 2231 202 2284 τινος
220 2207 420 2293 ἱδρυμένους
436 2205 589 2293 φρέατος,
613 2207 841 2294 συνδιέτριβεν
865 2206 981 2284 αὐτοῖς.
998 2204 1129 2292 χρήζων

112 2324 234 2398 ποτοῦ,
265 2321 311 2390 είς
337 2337 371 2379 τε
399 2316 520 2397 λόγους
548 2313 660 2390 αὐτοῖς
687 2313 932 2398 ἀφικνούμενος
954 2310 1128 2397 ἀνέκρινεν
1142 2342 1169 2380 ιο

113 2419 234 2494 αὐτοὺς
257 2422 287 2483 εί
309 2419 510 2503 τυγχάνουσι
529 2419 689 2501 Λάβανόν
707 2441 781 2482 τινα
803 2415 880 2503 παρ’
907 2418 1019 2495 αὐτοῖς
1042 2421 1128 2485 εἰδό-

112 2545 164 2598 τες
192 2524 239 2586 έτι
267 2526 431 2605 περιόντα.
478 2524 587 2605 <286>
611 2525 646 2588 οἳ
667 2518 704 2586 δέ
733 2523 852 2600 πάντες
874 2522 1074 2589 ἐπίστασθαί
1093 2521 1123 2589 τ’

113 2629 241 2712 έφασαν
266 2627 406 2713 (οὐγὰρ
430 2623 692 2695 εἶναιτοιοῦτον
717 2626 793 2694 ὥστ’
821 2628 1050 2717 ἀγνοεῖσθαι),
1073 2628 1128 2695 καλ

113 2738 369 2818 συμποιμαίνειν
397 2733 509 2811 αὐτοῖς
535 2731 693 2820 θυγατέρ’
721 2735 845 2819 αὐτοῦ,
872 2736 914 2818 ήν
943 2736 1127 2820 θαυμάζειν

113 2840 163 2906 ὅτι
196 2844 291 2925 μήπω
324 2843 455 2924 παρείη·
488 2839 683 2932 “παρά,γάρ
706 2844 826 2925 ταύτης
849 2845 1054 2925 μεμαθήκοις
1085 2841 1128 2907 ἀν
1142 2870 1168 2910 εε

112 2947 347 3034 ἀκριβέστερον
370 2947 432 3012 ὅσα
449 2944 525 3031 περὶ
551 2947 661 3012 αὐτῶν
681 2946 821 3014 ἀκοῦσαι
843 2946 979 3025 ποθεῖς.’
1026 2958 1128 3014 ταῦτα

113 3050 146 3116 δ’
174 3055 283 3119 αὐτῶν
315 3056 362 3119 ἔτι
395 3056 561 3136 λεγόντων
583 3060 697 3138 παρήν
724 3053 744 3136 ἡ
773 3066 849 3131 παῖς
877 3057 940 3120 σὺν
966 3065 1036 3131 τοῖς
1059 3053 1128 3119 έπι-

111 3168 262 3222 κατιοῦσι
293 3169 359 3222 τῶν
390 3157 568 3242 ποιμένων.
621 3160 732 3241 <287>
760 3157 815 3224 καλ
848 3161 1039 3226 δεικνύουσι
1069 3163 1128 3226 τὸν

16 3261 17 3266 ’
109 3258 266 3345 Ἰἀκωβον
289 3261 387 3346 αὐτή,
415 3261 566 3346 λέγοντες
589 3265 633 3342 ὡς
660 3263 753 3342 ξένος
776 3260 872 3342 οὗτος
894 3267 966 3349 ήκει
989 3267 1029 3331 τά
1051 3265 1128 3349 περὶ

111 3377 170 3432 τοῦ
188 3369 310 3452 πατρὸς
324 3366 424 3451 αὐτής
438 3367 765 3453 ἀναπυνθανόμενος.
811 3370 831 3454 ή
851 3373 871 3436 δ
876 3369 884 3393 ’
906 3372 1049 3455 ἡσθεῖσα
1067 3368 1123 3436 ὑπ’
1141 3404 1168 3443 30

184 3496 198 3555 ς
218 3495 270 3545 εει
285 3515 319 3534 =
334 3488 402 3544 Gen.
422 3487 538 3543 xxvm
558 3495 598 3544 ιε.
