2460 3848
133 153 197 216 110
501 148 773 203 ενιεειοεοειεε

129 316 256 381 κελεύει
283 323 350 381 πάν
378 318 415 382 τὸ
446 310 612 399 γεννηθὲν
634 314 737 399 άρρεν
759 313 825 379 ὑπὸ
847 323 914 378 τῶν
934 308 1154 397 Ἰσραηλιτῶν

130 425 177 500 είς
199 425 258 489 τὸν
279 424 429 506 ποταμὸν
459 421 658 507 ῥιπτοῦντας
681 421 908 504 διαφθείρειν,
931 415 1154 504 Ιπαραφυλάτ-

129 551 199 593 τειν
227 551 262 594 τε
289 529 347 604 τάς
375 526 498 602 ὠδῖνας
524 535 591 591 τῶν
609 524 774 613 Ἐβραίων
801 535 970 609 γυναικῶν
993 521 1154 602 καὶτοὺς

129 635 282 709 τοκετοὺς
318 631 428 697 αὐτῶν
464 609 666 718 παρατηρεῖν
708 633 766 709 τάς
802 633 997 714 Αίγυπτίων
1033 633 1152 714 μαίας·

129 739 239 823 (207)
261 737 327 803 ύπὸ
355 739 417 824 γάρ
446 738 574 804 τούτων
602 739 704 816 αὐτάς
732 736 860 805 ἐκέλευε
885 743 1091 822 μαιοῦσθαι,
1115 741 1178 802 αδδ

129 844 186 908 διά
219 840 414 926 συγγένειαν
450 845 590 927 ἔμελλον
626 846 671 928 μη
708 847 962 931 παραβήσεσθαι
993 844 1055 927 την
1088 854 1152 909 τοῦ

129 951 292 1034 βασιλέως
313 950 489 1032 βούλησιν·
513 952 592 1026 τοὺς
614 947 726 1034 μέντοι
749 950 1063 1035 καταφρονήσαντας
1086 959 1149 1015 τοῦ

130 1055 380 1141 προστάγματος
398 1055 453 1120 καὶ
468 1057 584 1134 σώζειν
599 1057 709 1143 λάθρηι
727 1057 954 1139 τολμήσαντας
971 1057 1008 1120 τὸ
1025 1052 1149 1140 τεχθὲν

30 1143 34 1154 ’
130 1161 259 1246 αὐτοῖς,
286 1162 425 1239 τούτους
447 1159 658 1246 ἀναιρεῖσθαι
688 1165 751 1227 σὺν
773 1169 812 1246 τῇ
837 1169 935 1249 γενεᾷ
957 1159 1147 1245 προσέταξε.

130 1269 240 1352 (208)
262 1268 376 1332 δεινὸν
400 1262 462 1332 οὖν
484 1278 553 1343 τοῖς
575 1265 781 1351 ὑπομένουσι
804 1270 842 1333 τὸ
865 1267 985 1350 πάθος,
1008 1267 1049 1334 ού
1074 1267 1148 1354 (μό-
1164 1285 1189 1323 1⁰

129 1371 205 1460 νον)
229 1375 316 1439 καθὸ
339 1374 469 1438 παίδων
492 1372 734 1459 ἀπεστεροῦντο
761 1371 817 1438 καὶ
840 1385 951 1457 γονεῖς
973 1374 1068 1450 ὄντες
1091 1375 1150 1440 αύ-

129 1477 181 1547 τολ
212 1482 295 1565 πρὸς
321 1481 382 1564 την
410 1478 576 1545 άπάλειαν
602 1479 798 1565 ὑπούργουν
825 1490 892 1545 τῶν
916 1477 1148 1564 γεννωμένων,

130 1587 214 1653 ἀλλὰ
236 1583 291 1650 καὶ
313 1585 334 1669 η
358 1584 487 1652 ἐπίνοια
510 1595 566 1670 τῆς
584 1596 644 1652 τοῦ
667 1583 786 1668 γένους
808 1587 917 1651 αὐτῶν
942 1585 1148 1670 ἐπιλείψεως,

129 1689 364 1777 φθειρομένων
382 1688 444 1776 μὲν
462 1703 529 1758 τῶν
552 1694 764 1776 τικτομένων,
788 1692 898 1757 αὐτῶν
922 1688 959 1757 δὲ
982 1692 1148 1777 διαλυθη-

130 1797 297 1884 σομένων,
325 1798 470 1881 χαλεπὴν
500 1795 688 1874 αὐτοῖςκαὶ
712 1798 1018 1883 δυσπαραμύθητον
1042 1797 1149 1866 ε’ποίει
1166 1813 1190 1854 1⁵

129 1907 191 1990 την
215 1903 400 1990 συμφοράν.
446 1903 556 1987 <209>
578 1901 634 1967 καὶ
662 1907 697 1969 οῖ
718 1900 779 1987 μὲν
802 1900 888 1987 ἦσαν
912 1902 1079 1993 ἐντούτῳ
1103 1915 1149 1993 τῷ

129 2019 236 2099 κακῷ,
263 2013 435 2098 κρατήσειε
464 2006 494 2074 δ’
522 2009 564 2074 άν
592 2008 704 2086 οὐδεὶς
726 2019 783 2094 τῆς
813 2019 873 2076 τοῦ
895 2016 980 2076 θεοῦ
1002 2012 1150 2096 γνώμης,

130 2114 209 2184 οὐδὲ
237 2121 356 2204 μυρίας
383 2114 498 2202 τέχνας
525 2114 579 2181 ἐπὶ
608 2116 714 2206 τούτῳ
743 2117 1024 2202 μηχανησάμενος.
1070 2117 1148 2182 ὅτε

129 2223 193 2308 γάρ
230 2237 306 2302 παῖς
342 2224 382 2289 ὃν
417 2233 574 2310 προεῖπεν
607 2223 624 2288 ὁ
659 2223 957 2308 ἱερογραμματεύς,
994 2219 1149 2309 τρέφεται

130 2328 247 2419 λαθὼν
279 2331 339 2413 τὴν
367 2337 427 2394 τοῦ
454 2327 615 2413 βασιλέως
648 2333 822 2414 φυλακην,
853 2326 909 2393 καὶ
938 2327 1067 2412 ἀληθὴς
1097 2327 1150 2394 ἐπὶ
1165 2345 1190 2384 2⁰

129 2444 199 2510 τοῖς
221 2431 254 2510 ἐξ
279 2433 382 2499 αὐτοῦ
401 2432 636 2518 γενησομένοις
659 2434 677 2499 ὁ
700 2435 869 2520 προειπὼν
893 2433 1027 2520 εὑρέθη.
1063 2438 1152 2518 γίνε-

129 2563 183 2605 ται
205 2535 243 2603 δὲ
265 2539 378 2615 οὕτως.

92 2680 109 2727 3
196 2645 305 2728 (210)
339 2642 527 2731 Ἀμαράμης
562 2657 629 2711 των
665 2642 703 2711 εὖ
738 2651 925 2731 γεγονότων
957 2648 1047 2734 παρὰ
1079 2659 1149 2726 τοῖς

125 2750 306 2838 Ἑβραίοις,
334 2752 453 2828 δεδιὼς
479 2749 561 2839 ὑπὲρ
586 2762 646 2818 τοῦ
668 2756 791 2830 παντὸς
814 2757 938 2831 ἔθνους
961 2754 1005 2838 μη
1029 2753 1149 2820 σπάνει

130 2867 188 2944 τῆς
214 2856 520 2944 ἐπιτραφησομένης
544 2861 699 2943 νεότητος
723 2859 892 2945 ἐπιλείπη,
919 2858 976 2925 καὶ
998 2864 1148 2945 χαλεπῶς
1162 2873 1189 2915 2⁵

131 2962 181 3031 ἐπ’
208 2965 296 3053 αύτῷ
314 2961 427 3050 φέρων
451 2962 554 3048 (ἐκύει
572 2967 635 3052 γάρ
654 2966 742 3054 αὐτῷ
762 2969 799 3032 τὸ
823 2963 978 3052 γύναιον)
1003 2965 1040 3031 ἐν
1063 2964 1146 3052 άμη-

130 3072 244 3157 χάνοις
270 3067 322 3155 ην.
368 3071 479 3154 <211>
507 3074 589 3158 πρὸς
617 3073 757 3138 ίκετείαν
786 3067 848 3138 οὖν
875 3083 936 3139 τοῦ
965 3078 1052 3138 θεοῦ
1075 3071 1147 3157 τρέ-

129 3197 241 3261 πεται,
268 3183 468 3265 παρακαλῶν
496 3173 608 3244 οἶκτον
637 3180 701 3263 ἤδη
725 3179 800 3245 τινά
823 3182 938 3262 λαβεῖν
962 3179 1065 3244 αὐτὸν
1089 3177 1147 3243 άν-

128 3283 278 3369 θράπων
291 3281 396 3369 μηδὲν
410 3292 467 3368 τῆς
481 3285 528 3361 είς
542 3283 645 3349 αὐτὸν
658 3288 838 3372 θρησκείας
855 3287 1147 3371 παραβεβηκότων,

126 3390 254 3455 δοῦναί
281 3386 310 3454 τ’
342 3390 537 3474 ἀπαλλαγὴν
564 3390 676 3467 αὐτοῖς
706 3384 753 3455 ὧν
775 3387 854 3476 παρ’
883 3390 1011 3458 ἐκεῖνον
1034 3390 1147 3457 ἐκακο-
1161 3405 1190 3446 ³⁰

179 3515 273 3576 §206
288 3539 325 3560 =
338 3513 431 3572 Exod.
451 3514 467 3571 1
487 3519 529 3572 ιε.
606 3519 621 3582 ς
640 3517 694 3568 ειο
710 3538 743 3559 a
756 3510 849 3565 ειοο.
863 3513 896 3565 u
911 3518 940 3566 ι.
