2460 3848
116 141 180 207 196
487 144 761 197 ΔΡΧΑΙΟΛΟΓΙΔΣ

115 307 198 392 πρὸς
215 305 322 391 ὑμῶν,
345 304 406 371 οὐκ
424 302 466 369 άν
485 302 709 388 ἀποσταίημεν
727 303 907 387 κάμνοντες
924 298 1015 388 ὑπὲρ
1034 303 1144 388 ὑμῶν,

116 410 173 478 καὶ
200 409 289 480 τοῦτ’
316 411 377 478 οὐκ
404 411 451 487 εἰς
479 410 608 495 μακρὰν
637 409 752 475 ἔσται’
800 409 909 493 (299)
938 409 1011 492 ἅμα
1042 408 1138 476 ταῦτ’

117 521 208 603 ἔλεγε
240 515 296 584 καὶ
326 519 506 600 πίμπλαται
534 518 571 582 τὸ
601 517 825 602 στρατόπεδον
855 514 1013 601 ὀρτύγων
1042 518 1143 602 ἅπαν,

116 623 172 690 καὶ
194 625 354 710 ἤθροιζον
381 621 502 699 αὐτοὺς
524 622 745 708 περιστάντες.
790 621 808 688 ὁ
832 619 946 707 μέντοι
967 624 1056 700 θεὸς
1081 624 1144 690 οὐκ

116 731 165 806 είς
195 728 325 813 μακράν
353 726 539 814 μετέρχεται
567 731 645 806 τοὺς
667 726 842 813 Ἑβραίους
870 735 928 810 τής
953 728 1005 805 είς
1034 728 1165 795 αὐτὸν5

115 835 325 919 θρασύτητος
357 832 412 900 καὶ
445 836 626 920 λοιδορίας·
659 832 807 900 άπέθανε
834 834 897 919 γὰρ
925 832 989 898 οὐκ
1022 834 1143 919 ὀλίγον

115 945 246 1024 πλῆθος
268 939 387 1006 αὐτῶν.
433 939 488 1007 καὶ
511 951 575 1008 νῦν
598 943 647 1007 ἐτι
675 937 745 1007 κατ’
772 939 963 1023 ἐπωνυμίαν
988 940 1008 1006 ὁ
1033 953 1144 1028 χῶρος

116 1046 310 1130 ὀνομάζεται
324 1047 553 1132 Καβρωθαβά·
577 1046 756 1131 ἐπιθυμίας
773 1045 815 1111 άν
834 1055 976 1131 μνημεῖα
997 1045 1143 1132 λέγοιτο.

68 1154 110 1220 14
188 1153 296 1237 <300>
319 1151 497 1237 άναγαγὼυ
521 1150 553 1218 δ’
581 1153 702 1230 αὐτοὺς
724 1151 855 1218 ἐκεῖθεν
878 1151 1072 1237 ὁΜωυσής
1095 1156 1144 1232 είς

118 1261 179 1344 τήν
201 1258 411 1344 καλουμένην
435 1259 612 1345 Φάραγγα,
639 1262 781 1344 πλησίον
805 1253 910 1324 οὖσαν
933 1269 1003 1335 τοῖς
1029 1264 1178 1325 Koma-1⁰

117 1368 224 1432 ναίων
248 1365 353 1451 ὁρίοις
374 1365 430 1431 καλ
453 1368 600 1451 χαλεπήν
624 1365 866 1449 ἐνδιαιτᾶσθαι,
889 1366 937 1440 είς
959 1363 1143 1450 ἐκκλησίαν

119 1471 267 1559 ἀθροίζει
284 1474 322 1538 τὸ
340 1477 481 1556 πλήθος,
504 1470 559 1537 καὶ
578 1473 738 1549 καταστάς
761 1471 855 1537 ‘6250'
879 1474 966 1554 φησί
986 1469 1144 1555 (κρίναν-

118 1602 175 1656 τος
196 1578 276 1662 ήμῑν
299 1587 359 1643 τοῦ
386 1584 472 1645 θεοῦ
501 1589 683 1664 παρασχεῖν
706 1577 834 1661 άγαθά,
862 1576 1063 1661 ἐλευθερίαν
1085 1578 1144 1645 καὶ

118 1692 179 1768 γής
196 1692 312 1768 κτήσιν
331 1683 543 1769 εὐδαίμονος,
565 1686 626 1769 τήν
644 1680 706 1769 μὲν
727 1685 792 1768 ήδη
813 1686 930 1760 δόντος
953 1685 1057 1768 ἔχετε,
1081 1687 1144 1770 τὴν

59 1792 64 1803 “
120 1788 152 1856 δ’
175 1792 240 1876 ήδη
259 1792 420 1873 λήψεσθε·
445 1790 554 1873 <301>
569 1793 767 1856 Χαναναίων
790 1791 853 1876 γάρ
877 1788 930 1855 ἐπὶ
952 1799 1022 1865 τοῖς
1048 1790 1143 1877 ὅροις
1157 1808 1179 1849 15

118 1899 313 1981 καθήμεθα,
340 1893 396 1960 καλ
424 1897 567 1962 κωλύσει
589 1897 626 1961 τὸ
650 1899 768 1962 λοιπὸν
791 1895 944 1972 ἐπιόντας
965 1895 1008 1960 οὐ
1031 1900 1143 1980 μόνον

120 2002 161 2068 ού
184 2005 339 2085 βασιλεὺς
362 2001 403 2067 οὐ
426 2005 521 2079 πόλις
543 2002 643 2085 ἡμᾶς,
666 1999 739 2067 ἀλλ’
767 1999 846 2068 οὐδὲ
869 2005 905 2068 τὸ
928 2010 995 2067 πᾶν
1018 2000 1143 2090 άθροι-

120 2105 205 2174 σθέν
228 2108 337 2174 αὐτῶν
357 2111 465 2186 ἔθνος.
503 2110 826 2195 παρασκευαζώμεθα
849 2103 912 2174 οὖν
934 2109 1017 2192 πρὸς
1039 2105 1142 2193 τοῦρ-

119 2234 195 2300 γον·
225 2215 265 2281 οὐ
297 2217 361 2301 γάρ
391 2214 531 2301 ἀμαχητὶ
558 2219 857 2302 παραχωρήσουσιν
883 2214 963 2298 ήμῑυ
985 2212 1043 2296 τής
1068 2224 1142 2300 γῆς,

120 2320 204 2386 ἀλλά
223 2322 377 2404 μεγάλοις
391 2313 495 2406 αὐτὴν
508 2321 635 2405 ἀγῶσιν
654 2319 898 2408 ἀφαιρεθέντες.
934 2319 1043 2402 <302>
1059 2319 1143 2407 πέμ-
1156 2340 1181 2380 ιο

120 2438 236 2512 ψωμεν
251 2423 288 2492 δὲ
302 2432 539 2512 κατασκόπους,
562 2433 598 2494 οἳ
617 2439 674 2513 τής
692 2452 726 2493 τε
740 2437 800 2511 γής
812 2428 874 2511 τήν
897 2425 1017 2512 ἀρετήν
1040 2449 1143 2492 κατα-

120 2537 283 2618 νοήσουσι
296 2532 351 2599 καὶ
369 2537 455 2621 πόση
475 2535 615 2618 δύναμις
628 2533 748 2611 αὐτοῖς.
781 2537 844 2619 πρὸ
860 2529 897 2598 δὲ
909 2532 1044 2598 πάντων
1059 2532 1143 2618 ὁμο-

120 2651 265 2725 νοῶμεν,
287 2638 342 2706 καὶ
358 2642 526 2723 τὸνθεόν,
550 2639 586 2716 ὅς
603 2637 693 2704 ἐστιν
708 2638 762 2705 ἐπὶ
783 2649 886 2705 πᾶσιν
908 2639 988 2722 ἡμῖν
1010 2641 1143 2722 βοηθὸς

121 2744 176 2812 καλ
200 2747 385 2832 σύμμαχος,
408 2745 464 2810 διὰ
486 2754 580 2829 τιμῆς
603 2745 752 2830 ἔχομεν’

86 2868 102 2918 2
189 2853 300 2936 <303>
322 2847 487 2927 Μωυσέος
511 2846 549 2915 δέ
570 2846 661 2916 ταῦτ’
683 2853 844 2934 εἰπόντος,
867 2853 903 2915 τὸ
927 2855 1056 2935 πλῆθος
1079 2852 1142 2917 αύ-
1155 2868 1182 2910 ει

122 2962 182 3027 τὸν
200 2968 308 3045 τιμαῖς
325 2956 505 3041 ἀμείβεται,
527 2953 583 3021 καὶ
601 2960 828 3033 κατασκόπους
846 2957 986 3042 αίρεῖται
1009 2957 1143 3024 δώδεκα

123 3078 191 3132 τῶν
214 3063 497 3150 γνωριμωτάτων,
521 3061 553 3140 ἐξ
578 3060 714 3148 ἑκάστης
736 3067 843 3146 φυλής
866 3062 936 3128 ἕνα·
961 3065 996 3128 οἳ
1017 3061 1142 3140 διεξελ-

124 3175 244 3249 θόντες
271 3169 335 3236 άπὸ
361 3178 429 3235 τῶν
457 3171 539 3254 πρὸς
561 3170 720 3258 Αἰγύπτῳ
747 3171 808 3253 τὴν
836 3173 1029 3235 Χαναναίαν
1056 3169 1142 3234 άπα-

125 3292 188 3342 σαν
211 3276 268 3343 ἐπί
282 3273 310 3342 τ’
330 3272 481 3360 Ἀμάθην
500 3278 598 3341 πόλιν
616 3273 671 3340 καλ
685 3279 835 3359 Λίβανον
858 3274 1078 3360 ἀφικνοῦνται
1101 3277 1141 3341 τὸ

124 3384 212 3470 όρος,
235 3381 291 3449 καὶ
308 3386 369 3467 τήν
387 3405 421 3448 τε
439 3389 497 3465 τής
519 3390 579 3466 γῆς
597 3382 700 3467 φύσιν
717 3379 773 3447 καλ
795 3383 856 3465 τήν
879 3393 945 3446 τῶν
969 3380 1141 3446 ἐνοικούν-
1155 3399 1182 3440 ιο

186 3510 277 3572 §299
291 3533 327 3554 =
340 3504 425 3564 Num.
445 3503 484 3561 xl
503 3508 545 3560 31.
616 3509 635 3571 ς’
651 3509 702 3559 300
718 3529 752 3548 =
765 3501 850 3556 Num.
867 3502 937 3554 xm
954 3508 979 3554 ι.

653 3776 716 3786 ⁴—
