2460 3848
108 160 174 227 130
284 175 288 181 ·
476 163 750 218 Δεεωοεονεεε

106 326 165 389 τὸν
187 328 341 409 Μωυσῆν
373 324 453 409 μετά
483 347 517 389 τε
549 336 718 407 γυναικῶν
745 323 801 391 καὶ
826 325 957 391 παίδων
985 323 1139 411 ἀπάγειν

106 433 185 508 τοὺς
193 428 378 515 Ἑβραίους,
400 431 462 514 τῆν
475 425 513 495 δέ
527 434 620 495 λείαν
638 431 752 509 αὐτοῖς
770 435 974 514 καταλιπεῖν,
998 429 1138 519 ἐφθαρ-

106 535 207 621 μένης
221 537 333 612 αύτοίς
349 546 407 620 τῆς
425 537 555 613 οἰκείας.
600 537 710 622 <308>
724 547 785 604 τοῦ
807 533 845 602 δέ
862 533 1030 614 Μωυσέος
1055 537 1137 624 οὐχί

106 644 217 707 δίκαια
246 644 414 727 φύσαντος
445 642 548 708 αὐτὸν
579 640 694 721 ἀξιοῦν
723 644 810 728 (δεῖν
837 644 900 729 γὰρ
929 641 1058 720 αὐτοὺς
1086 653 1134 733 τῷ

104 754 174 834 θεῶ
197 747 254 823 τάς
276 749 398 824 θυσίας
421 746 457 812 ἑκ
475 756 532 832 τῆς
555 752 644 825 λείας
669 745 873 834 ἐπενεγκεῖν)
896 745 951 813 καί
972 747 1162 834 τριβομέ-σ

104 876 167 918 νου
192 852 393 938 διὰταύτην
421 854 482 937 τὴν
510 856 619 919 αἰτίαν
641 863 702 920 τοῦ
724 857 868 940 χρόνον,
895 855 1012 930 σκότος
1034 858 1135 939 βαθὺ

104 957 160 1023 καί
182 956 326 1043 φέγγους
350 961 490 1046 δίμοιρον
516 971 696 1046 περιχεῖται
725 970 794 1036 τοῖς
815 961 1036 1043 Αἰγυπτίοις,
1067 959 1131 1046 ὑφ’

105 1059 147 1129 οὗ
169 1065 225 1141 τάς
247 1087 281 1129 τε
305 1066 398 1143 ὄψεις
420 1064 689 1150 ἀποκλειομένοις
719 1064 775 1131 καί
797 1066 856 1142 τὰς
878 1063 1051 1142 ἀναπνοὰς
1076 1065 1135 1151 έμ-

104 1168 343 1257 φραττομένοις
369 1171 434 1238 ὑπὸ
464 1173 648 1258 παχύτητος
680 1175 817 1258 οἰκτρῶς
841 1169 869 1236 τ’
897 1160 1135 1256 ἀποθνήσκειν

107 1275 281 1361 συνέβαινε
309 1275 364 1343 καί
392 1277 537 1344 δεδιέναι
564 1280 608 1363 μὴ
639 1285 874 1344 καταποθῶσιν
897 1277 963 1342 ὑπὸ
986 1287 1051 1344 τοῦ
1073 1276 1130 1345 νέ-
1143 1300 1171 1339 ιο

105 1407 200 1467 φους.
246 1384 355 1469 <309>
378 1381 447 1450 εἰτα
469 1387 589 1452 τούτου
609 1381 909 1460 διασκεδασθέντος
933 1369 1024 1467 μετά
1038 1370 1132 1471 τρεῖς

104 1488 226 1576 ἡμέρας
248 1490 303 1556 καί
325 1494 487 1570 τοσαύτας
508 1492 640 1573 νύκτας,
667 1492 711 1567 ὡς
729 1490 770 1556 ού
788 1491 935 1574 μετενόει
957 1491 1044 1575 πρὸς
1066 1493 1133 1577 τῆν

104 1597 221 1676 ἔξοδον
239 1609 306 1663 τῶν
320 1596 484 1686 Ἑβραίων
502 1599 520 1666 ὁ
536 1598 738 1683 Φαραώθης,
763 1596 962 1681 προσελθὼν
984 1594 1133 1663 ὁΜωυ-

103 1713 163 1787 σῆς
189 1708 293 1788 φησίν
321 1704 413 1790 (ἀχρι
444 1705 522 1768 πότε
550 1702 700 1779 ἀπειθεῖς
729 1710 768 1787 τῆ
797 1709 858 1767 τοῦ
880 1707 965 1765 θεοῦ
988 1702 1133 1790 γνώμης

103 1811 229 1874 κελεύει
245 1876 248 1881 ⁴
262 1810 324 1892 γάρ
348 1805 445 1885 οὗτος
473 1808 631 1874 ἀπολύειν
654 1811 733 1885 τοὺς
756 1805 952 1892 Ἑβραίους,
975 1803 1033 1870 καὶ
1063 1809 1133 1875 οὐκ
1146 1831 1171 1872 ω

104 1917 194 1979 ἔστιν
217 1911 334 2000 ἑτέρως
356 1912 584 1999 ἀπαλλαγῆναι
611 1925 678 1979 τῶν
710 1924 820 1979 κακῶν
844 1912 930 1996 ὑμᾶς
955 1912 999 1995 μὴ
1024 1923 1134 1981 ταῦτα

102 2018 328 2104 ποιῆσαντας.’
374 2020 483 2105 <310>
507 2020 525 2086 ὁ
545 2017 582 2085 δὲ
604 2022 760 2104 βασιλεὺς
786 2015 955 2103 ὀργισθεὶς
980 2015 1035 2082 ἐπὶ
1057 2032 1134 2098 τοῖς

102 2123 288 2213 εἰρημένοις
309 2128 486 2211 ἠπείλησεν
509 2126 612 2191 αὐτοῦ
629 2126 691 2209 τὴν
709 2116 859 2209 κεφαλὴν
883 2123 1073 2209 ἀποτεμεῖν,
1099 2130 1134 2192 εἰ

100 2234 202 2300 πάλιν
229 2234 305 2320 περὶ
331 2236 458 2300 τούτων
487 2232 634 2318 ἐνοχλῶν
662 2231 751 2319 αὐτῷ
775 2229 971 2316 προσέλθοι.
1017 2233 1131 2296 Μωυ-

101 2336 160 2424 σῆς
188 2337 225 2405 δὲ
253 2337 359 2405 οὐκέτ’
391 2340 490 2416 αὐτὸς
516 2341 715 2422 ποιήσεσθαι
746 2336 822 2424 περὶ
851 2337 978 2401 τούτων
1001 2337 1130 2420 λόγους
1144 2361 1170 2402 εο

101 2449 239 2529 ἔφησεν,
270 2445 372 2510 αὐτὸν
396 2441 426 2507 δ’
455 2442 601 2525 ἐκεῖνον,
632 2446 695 2507 σὺν
714 2442 777 2507 ’καὶ
799 2455 868 2520 τοῖς
889 2443 1032 2529 πρώτοις
1056 2453 1129 2509 τῶν

102 2551 315 2631 Αἰγυπτίων,
351 2544 590 2634 παρακαλέσειν
627 2551 706 2624 τοὺς
740 2547 913 2634 Ἑβραίους
950 2546 1127 2615 ἀπελθεῖν.

66 2666 82 2715 6
101 2654 211 2736 <311>
234 2651 288 2718 καί
312 2651 410 2738 ὃμὲν
428 2651 520 2718 ταῦτ’
543 2654 645 2719 εἰπὼν
664 2652 914 2738 ἀπαλλάττεται,
939 2653 957 2720 ὁ
981 2648 1018 2717 δέ
1040 2657 1128 2732 θεὸς

101 2760 253 2845 δηλώσας
270 2761 317 2824 ἔτι
337 2767 396 2846 μιᾷ
414 2763 521 2845 πληγῆ
540 2762 618 2836 τοὺς
630 2761 838 2841 Αἰγυπτίους
858 2758 1125 2841 καταναγκάσειν

101 2867 265 2935 ἀπολῦσαι
287 2868 365 2944 τοὺς
382 2863 567 2952 Ἑβραίους,
590 2862 740 2930 ἐκέλευσε
763 2868 917 2948 Μωυσῆν
942 2878 1124 2950 παραγγεῖ-
1138 2889 1167 2931 ιε

101 2979 154 3039 λαι
177 2984 222 3063 τῶ
248 2980 315 3063 λαῷ
334 2976 460 3039 θυσίαν
479 2969 612 3056 ἑτοίμην
636 2974 740 3056 ἔχειν,
763 2968 1123 3056 παρασκευασαμένους
1148 2970 1151 2977 ’

99 3089 137 3163 τῇ
166 3081 285 3166 δεκάτη
312 3090 373 3146 τοῦ
401 3079 572 3154 Ξανθικοῦ
599 3079 703 3162 μηνὸς
734 3079 782 3154 εἰς
807 3077 869 3160 τὴν
896 3092 1123 3160 τετταρεσκαί-

100 3184 259 3268 δεκάτην,
282 3186 318 3262 ὃς
340 3188 428 3270 παρὰ
451 3181 512 3270 μὲν
535 3186 732 3267 Αἰγυπτίοις
757 3181 938 3269 Φαρμουθὶ
960 3187 1122 3268 καλεῖται,

98 3290 210 3355 Νισάν
235 3287 271 3355 δέ
294 3289 370 3377 παρ’
393 3289 570 3379 Ἑβραίοις,
592 3291 788 3366 Μακεδόνες
811 3285 841 3353 δ’
869 3289 971 3353 αὐτὸν
990 3288 1118 3362 Ξανθι-

97 3399 159 3462 κὸν
172 3399 492 3483 προσαγορεύουσιν·
511 3396 650 3478 ἀπάγειν
664 3418 698 3458 τε
713 3396 791 3470 τοὺς
799 3391 972 3479 Ἑβραίους
987 3394 1117 3459 ἅπαντα
1132 3417 1164 3458 σο

151 3519 401 3583 §308=Exod.
420 3520 448 3576 Χ
469 3525 513 3578 26.

378 3754 459 3768 Α
