<?xml version="1.0" encoding="UTF-8"?>
<!DOCTYPE html PUBLIC "-//W3C//DTD XHTML 1.0 Transitional//EN"
    "http://www.w3.org/TR/xhtml1/DTD/xhtml1-transitional.dtd">
<html xmlns="http://www.w3.org/1999/xhtml" xml:lang="en" lang="en">
 <head>
  <title>
</title>
<meta http-equiv="Content-Type" content="text/html;charset=utf-8" />
  <meta name='ocr-system' content='tesseract 3.04.00' />
  <meta name='ocr-capabilities' content='ocr_page ocr_carea ocr_par ocr_line ocrx_word'/>
</head>
<body>
  <div class='ocr_page' id='page_1' title='image "./operaomniaposti01nabegoog_0045.png"; bbox 0 0 2460 3848; ppageno 0'>
   <div class='ocr_carea' id='block_1_1' title="bbox 133 143 776 208">
    <p class='ocr_par' dir='ltr' id='par_1_1' title="bbox 133 143 776 208">
     <span class='ocr_line' id='line_1_1' title="bbox 133 143 776 208; baseline -0.003 -14"><span class='ocrx_word' id='word_1_1' title='bbox 133 146 175 208; x_wconf 89' lang='lat'><strong><em>14</em></strong></span> <span class='ocrx_word' id='word_1_2' title='bbox 503 143 776 195; x_wconf 73' lang='lat' dir='ltr'><strong>APxA10A0r1A2</strong></span> 
     </span>
    </p>
   </div>
   <div class='ocr_carea' id='block_1_2' title="bbox 131 298 1188 3575">
    <p class='ocr_par' dir='ltr' id='par_1_2' title="bbox 131 298 1188 3575">
     <span class='ocr_line' id='line_1_2' title="bbox 131 298 1146 389; baseline -0.005 -17"><span class='ocrx_word' id='word_1_3' title='bbox 131 304 186 372; x_wconf 83' lang='grc' dir='ltr'><strong><em>καὶ</em></strong></span> <span class='ocrx_word' id='word_1_4' title='bbox 216 307 336 372; x_wconf 80' lang='grc' dir='ltr'><strong><em>αὐτόθι</em></strong></span> <span class='ocrx_word' id='word_1_5' title='bbox 365 315 507 370; x_wconf 78' lang='grc' dir='ltr'><strong><em>ποιεῖται</em></strong></span> <span class='ocrx_word' id='word_1_6' title='bbox 537 305 597 388; x_wconf 91' lang='grc' dir='ltr'><strong><em>τήν</em></strong></span> <span class='ocrx_word' id='word_1_7' title='bbox 627 306 836 386; x_wconf 81' lang='grc' dir='ltr'><strong><em>κατοίκησιν,</em></strong></span> <span class='ocrx_word' id='word_1_8' title='bbox 868 298 941 368; x_wconf 80' lang='grc' dir='ltr'><strong><em>ἔνθ’</em></strong></span> <span class='ocrx_word' id='word_1_9' title='bbox 974 301 1062 389; x_wconf 78' lang='grc' dir='ltr'><strong><em>αὐτῷ</em></strong></span> <span class='ocrx_word' id='word_1_10' title='bbox 1090 302 1146 367; x_wconf 85' lang='grc' dir='ltr'><strong><em>καὶ</em></strong></span> 
     </span>
     <span class='ocr_line' id='line_1_3' title="bbox 131 405 1146 496; baseline -0.005 -17"><span class='ocrx_word' id='word_1_11' title='bbox 131 416 246 490; x_wconf 80' lang='grc' dir='ltr'><strong><em>παῖδες</em></strong></span> <span class='ocrx_word' id='word_1_12' title='bbox 279 411 441 495; x_wconf 79' lang='grc' dir='ltr'><strong><em>ἐγένοντο.</em></strong></span> <span class='ocrx_word' id='word_1_13' title='bbox 488 409 549 476; x_wconf 87' lang='grc' dir='ltr'><strong><em>οὐκ</em></strong></span> <span class='ocrx_word' id='word_1_14' title='bbox 579 407 632 475; x_wconf 82' lang='grc' dir='ltr'><strong><em>ἐπὶ</em></strong></span> <span class='ocrx_word' id='word_1_15' title='bbox 661 412 825 496; x_wconf 80' lang='grc' dir='ltr'><strong><em>νουθεσίᾳ</em></strong></span> <span class='ocrx_word' id='word_1_16' title='bbox 854 405 891 473; x_wconf 74' lang='grc' dir='ltr'><strong><em>δὲ</em></strong></span> <span class='ocrx_word' id='word_1_17' title='bbox 919 410 979 492; x_wconf 88' lang='grc' dir='ltr'><strong><em>τήν</em></strong></span> <span class='ocrx_word' id='word_1_18' title='bbox 1006 412 1146 476; x_wconf 76' lang='grc' dir='ltr'><strong><em>κόλασιν</em></strong></span> 
     </span>
     <span class='ocr_line' id='line_1_4' title="bbox 132 512 1146 602; baseline -0.002 -18"><span class='ocrx_word' id='word_1_19' title='bbox 132 523 250 602; x_wconf 81' lang='grc' dir='ltr'><strong><em>ἐλαβεν</em></strong></span> <span class='ocrx_word' id='word_1_20' title='bbox 269 515 341 582; x_wconf 87' lang='grc' dir='ltr'><strong><em>ἀλλ’</em></strong></span> <span class='ocrx_word' id='word_1_21' title='bbox 360 514 410 582; x_wconf 83' lang='grc' dir='ltr'><strong><em>ἐπ’</em></strong></span> <span class='ocrx_word' id='word_1_22' title='bbox 429 515 564 600; x_wconf 87' lang='grc' dir='ltr'><strong><em>αὑξήσει</em></strong></span> <span class='ocrx_word' id='word_1_23' title='bbox 583 524 640 599; x_wconf 90' lang='grc' dir='ltr'><strong><em>τῆς</em></strong></span> <span class='ocrx_word' id='word_1_24' title='bbox 657 520 782 599; x_wconf 80' lang='grc' dir='ltr'><strong><em>κακίας,</em></strong></span> <span class='ocrx_word' id='word_1_25' title='bbox 805 515 932 599; x_wconf 80' lang='grc' dir='ltr'><strong><em>ἡδονήν</em></strong></span> <span class='ocrx_word' id='word_1_26' title='bbox 951 512 1013 599; x_wconf 71' lang='grc' dir='ltr'><strong><em>μὲν</em></strong></span> <span class='ocrx_word' id='word_1_27' title='bbox 1035 525 1146 582; x_wconf 85' lang='grc' dir='ltr'><strong><em>πᾶσαν</em></strong></span> 
     </span>
     <span class='ocr_line' id='line_1_5' title="bbox 133 619 1146 711; baseline -0.001 -22"><span class='ocrx_word' id='word_1_28' title='bbox 133 623 311 708; x_wconf 81' lang='grc' dir='ltr'><strong><em>ἐκπορίζων</em></strong></span> <span class='ocrx_word' id='word_1_29' title='bbox 343 623 446 688; x_wconf 86' lang='grc' dir='ltr'><strong><em>αὑτοῦ</em></strong></span> <span class='ocrx_word' id='word_1_30' title='bbox 475 632 521 711; x_wconf 75' lang='grc' dir='ltr'><strong><em>τῶ</em></strong></span> <span class='ocrx_word' id='word_1_31' title='bbox 550 624 696 707; x_wconf 86' lang='grc' dir='ltr'><strong><em>σώματι,</em></strong></span> <span class='ocrx_word' id='word_1_32' title='bbox 727 622 790 687; x_wconf 86' lang='grc' dir='ltr'><strong><em>κάν</em></strong></span> <span class='ocrx_word' id='word_1_33' title='bbox 817 619 892 706; x_wconf 88' lang='grc' dir='ltr'><strong><em>μεθ’</em></strong></span> <span class='ocrx_word' id='word_1_34' title='bbox 924 621 1052 706; x_wconf 87' lang='grc' dir='ltr'><strong><em>ύβρεως</em></strong></span> <span class='ocrx_word' id='word_1_35' title='bbox 1079 635 1146 688; x_wconf 90' lang='grc' dir='ltr'><strong><em>τῶν</em></strong></span> 
     </span>
     <span class='ocr_line' id='line_1_6' title="bbox 133 723 1185 815; baseline 0.001 -21"><span class='ocrx_word' id='word_1_36' title='bbox 133 732 304 794; x_wconf 78' lang='grc' dir='ltr'><strong><em>συνόντων</em></strong></span> <span class='ocrx_word' id='word_1_37' title='bbox 323 727 381 815; x_wconf 86' lang='grc' dir='ltr'><strong><em>δέη</em></strong></span> <span class='ocrx_word' id='word_1_38' title='bbox 401 730 523 813; x_wconf 88' lang='grc' dir='ltr'><strong><em>ταύτην</em></strong></span> <span class='ocrx_word' id='word_1_39' title='bbox 546 731 645 815; x_wconf 81' lang='grc' dir='ltr'><strong><em>ἔχειν,</em></strong></span> <span class='ocrx_word' id='word_1_40' title='bbox 668 730 756 813; x_wconf 88' lang='grc'>&lt;61&gt;</span> <span class='ocrx_word' id='word_1_41' title='bbox 775 729 885 807; x_wconf 85' lang='grc' dir='ltr'><strong><em>αύξων</em></strong></span> <span class='ocrx_word' id='word_1_42' title='bbox 909 724 946 792; x_wconf 77' lang='grc' dir='ltr'><strong><em>δέ</em></strong></span> <span class='ocrx_word' id='word_1_43' title='bbox 969 731 1027 793; x_wconf 87' lang='grc' dir='ltr'><strong><em>τὸν</em></strong></span> <span class='ocrx_word' id='word_1_44' title='bbox 1051 723 1145 795; x_wconf 86' lang='grc' dir='ltr'><strong><em>οἷκον</em></strong></span> <span class='ocrx_word' id='word_1_45' title='bbox 1172 748 1185 788; x_wconf 79' lang='lat'><strong>5</strong></span> 
     </span>
     <span class='ocr_line' id='line_1_7' title="bbox 132 834 1145 921; baseline 0.001 -21"><span class='ocrx_word' id='word_1_46' title='bbox 132 838 254 918; x_wconf 90' lang='grc' dir='ltr'><strong><em>πλήθει</em></strong></span> <span class='ocrx_word' id='word_1_47' title='bbox 281 835 456 921; x_wconf 92' lang='grc' dir='ltr'><strong><em>χρημάτων</em></strong></span> <span class='ocrx_word' id='word_1_48' title='bbox 484 835 517 913; x_wconf 83' lang='grc' dir='ltr'><strong><em>ἐξ</em></strong></span> <span class='ocrx_word' id='word_1_49' title='bbox 545 834 692 919; x_wconf 82' lang='grc' dir='ltr'><strong><em>ἁρπαγῆς</em></strong></span> <span class='ocrx_word' id='word_1_50' title='bbox 719 834 774 901; x_wconf 82' lang='grc' dir='ltr'><strong><em>καὶ</em></strong></span> <span class='ocrx_word' id='word_1_51' title='bbox 796 838 886 919; x_wconf 91' lang='grc' dir='ltr'><strong><em>βίας,</em></strong></span> <span class='ocrx_word' id='word_1_52' title='bbox 913 837 995 920; x_wconf 87' lang='grc' dir='ltr'><strong><em>πρὸς</em></strong></span> <span class='ocrx_word' id='word_1_53' title='bbox 1016 834 1145 919; x_wconf 81' lang='grc' dir='ltr'><strong><em>ἡδονήν</em></strong></span> 
     </span>
     <span class='ocr_line' id='line_1_8' title="bbox 132 940 1146 1028; baseline 0 -22"><span class='ocrx_word' id='word_1_54' title='bbox 132 940 187 1007; x_wconf 81' lang='grc' dir='ltr'><strong><em>καὶ</em></strong></span> <span class='ocrx_word' id='word_1_55' title='bbox 210 945 364 1027; x_wconf 78' lang='grc' dir='ltr'><strong><em>λῃστείαν</em></strong></span> <span class='ocrx_word' id='word_1_56' title='bbox 387 945 464 1018; x_wconf 88' lang='grc' dir='ltr'><strong><em>τοὺς</em></strong></span> <span class='ocrx_word' id='word_1_57' title='bbox 483 941 743 1028; x_wconf 85' lang='grc' dir='ltr'><strong><em>ἐντυγχάνοντας</em></strong></span> <span class='ocrx_word' id='word_1_58' title='bbox 765 947 966 1026; x_wconf 78' lang='grc' dir='ltr'><strong><em>παρακαλῶν</em></strong></span> <span class='ocrx_word' id='word_1_59' title='bbox 989 942 1146 1006; x_wconf 89' lang='grc' dir='ltr'><strong><em>διδάσκα-</em></strong></span> 
     </span>
     <span class='ocr_line' id='line_1_9' title="bbox 133 1045 1146 1134; baseline 0 -22"><span class='ocrx_word' id='word_1_60' title='bbox 133 1053 189 1125; x_wconf 90' lang='grc' dir='ltr'><strong><em>λος</em></strong></span> <span class='ocrx_word' id='word_1_61' title='bbox 212 1048 324 1124; x_wconf 79' lang='grc' dir='ltr'><strong><em>αὐτοῖς</em></strong></span> <span class='ocrx_word' id='word_1_62' title='bbox 345 1060 502 1133; x_wconf 80' lang='grc' dir='ltr'><strong><em>πονηρῶν</em></strong></span> <span class='ocrx_word' id='word_1_63' title='bbox 524 1049 670 1134; x_wconf 81' lang='grc' dir='ltr'><strong><em>ὑπῆρχεν</em></strong></span> <span class='ocrx_word' id='word_1_64' title='bbox 694 1048 970 1132; x_wconf 78' lang='grc' dir='ltr'><strong><em>ἐπιτηδευμάτων.</em></strong></span> <span class='ocrx_word' id='word_1_65' title='bbox 1007 1045 1062 1112; x_wconf 78' lang='grc' dir='ltr'><strong><em>καὶ</em></strong></span> <span class='ocrx_word' id='word_1_66' title='bbox 1085 1049 1146 1132; x_wconf 91' lang='grc' dir='ltr'><strong><em>τήν</em></strong></span> 
     </span>
     <span class='ocr_line' id='line_1_10' title="bbox 133 1149 1146 1241; baseline -0.001 -22"><span class='ocrx_word' id='word_1_67' title='bbox 133 1154 393 1240; x_wconf 81' lang='grc' dir='ltr'><strong><em>ἀπραγμοσύνην</em></strong></span> <span class='ocrx_word' id='word_1_68' title='bbox 425 1153 504 1238; x_wconf 83' lang='grc' dir='ltr'><strong><em>μέν,</em></strong></span> <span class='ocrx_word' id='word_1_69' title='bbox 536 1149 556 1241; x_wconf 78' lang='grc' dir='ltr'><em>ᾗ</em></span> <span class='ocrx_word' id='word_1_70' title='bbox 588 1159 752 1240; x_wconf 89' lang='grc' dir='ltr'><strong><em>πρότερον</em></strong></span> <span class='ocrx_word' id='word_1_71' title='bbox 782 1153 927 1233; x_wconf 82' lang='grc' dir='ltr'><strong><em>συνέζων</em></strong></span> <span class='ocrx_word' id='word_1_72' title='bbox 959 1156 1146 1240; x_wconf 77' lang='grc' dir='ltr'><strong><em>ἅνθρωποι,</em></strong></span> 
     </span>
     <span class='ocr_line' id='line_1_11' title="bbox 133 1258 1186 1349; baseline -0.004 -24"><span class='ocrx_word' id='word_1_73' title='bbox 133 1259 261 1346; x_wconf 83' lang='grc' dir='ltr'><strong><em>μέτρων</em></strong></span> <span class='ocrx_word' id='word_1_74' title='bbox 292 1261 421 1349; x_wconf 78' lang='grc' dir='ltr'><strong><em>ἐπινοίᾳ</em></strong></span> <span class='ocrx_word' id='word_1_75' title='bbox 450 1260 504 1327; x_wconf 83' lang='grc' dir='ltr'><strong><em>καὶ</em></strong></span> <span class='ocrx_word' id='word_1_76' title='bbox 535 1268 693 1347; x_wconf 79' lang='grc' dir='ltr'><strong><em>σταθμῶν</em></strong></span> <span class='ocrx_word' id='word_1_77' title='bbox 723 1264 958 1346; x_wconf 88' lang='grc' dir='ltr'><strong><em>μετεστήσατο,</em></strong></span> <span class='ocrx_word' id='word_1_78' title='bbox 989 1258 1146 1346; x_wconf 79' lang='grc' dir='ltr'><strong><em>ἀκέραιον</em></strong></span> <span class='ocrx_word' id='word_1_79' title='bbox 1161 1282 1186 1322; x_wconf 89' lang='grc' dir='ltr'><strong><em>ιο</em></strong></span> 
     </span>
     <span class='ocr_line' id='line_1_12' title="bbox 134 1367 1146 1453; baseline 0.003 -23"><span class='ocrx_word' id='word_1_80' title='bbox 134 1367 245 1442; x_wconf 79' lang='grc' dir='ltr'><strong><em>αὐτοῖς</em></strong></span> <span class='ocrx_word' id='word_1_81' title='bbox 273 1369 352 1432; x_wconf 87' lang='grc' dir='ltr'><strong><em>όντα</em></strong></span> <span class='ocrx_word' id='word_1_82' title='bbox 380 1370 439 1433; x_wconf 89' lang='grc' dir='ltr'><strong><em>τὸν</em></strong></span> <span class='ocrx_word' id='word_1_83' title='bbox 465 1371 542 1452; x_wconf 93' lang='grc' dir='ltr'><strong><em>βίον</em></strong></span> <span class='ocrx_word' id='word_1_84' title='bbox 571 1368 606 1434; x_wconf 85' lang='grc' dir='ltr'><strong><em>ἐκ</em></strong></span> <span class='ocrx_word' id='word_1_85' title='bbox 630 1378 686 1453; x_wconf 91' lang='grc' dir='ltr'><strong><em>τῆς</em></strong></span> <span class='ocrx_word' id='word_1_86' title='bbox 713 1369 840 1434; x_wconf 92' lang='grc' dir='ltr'><strong><em>τούτων</em></strong></span> <span class='ocrx_word' id='word_1_87' title='bbox 863 1367 1008 1451; x_wconf 79' lang='grc' dir='ltr'><strong><em>ἀμαθίας</em></strong></span> <span class='ocrx_word' id='word_1_88' title='bbox 1031 1367 1086 1432; x_wconf 85' lang='grc' dir='ltr'><strong><em>καὶ</em></strong></span> <span class='ocrx_word' id='word_1_89' title='bbox 1109 1369 1146 1433; x_wconf 86' lang='grc' dir='ltr'><strong><em>τὸ</em></strong></span> 
     </span>
     <span class='ocr_line' id='line_1_13' title="bbox 133 1473 1148 1560; baseline 0.001 -22"><span class='ocrx_word' id='word_1_90' title='bbox 133 1477 365 1558; x_wconf 78' lang='grc' dir='ltr'><strong><em>μεγαλόψυχον</em></strong></span> <span class='ocrx_word' id='word_1_91' title='bbox 388 1476 436 1550; x_wconf 87' lang='grc' dir='ltr'><strong><em>είς</em></strong></span> <span class='ocrx_word' id='word_1_92' title='bbox 457 1478 663 1560; x_wconf 82' lang='grc' dir='ltr'><strong><em>πανουργίαν</em></strong></span> <span class='ocrx_word' id='word_1_93' title='bbox 686 1476 904 1559; x_wconf 83' lang='grc' dir='ltr'><strong><em>περιαγαγών.</em></strong></span> <span class='ocrx_word' id='word_1_94' title='bbox 942 1475 1029 1557; x_wconf 80' lang='lat'>&lt;62&gt;</span> <span class='ocrx_word' id='word_1_95' title='bbox 1048 1473 1148 1559; x_wconf 82' lang='grc' dir='ltr'><strong><em>ὅρους</em></strong></span> 
     </span>
     <span class='ocr_line' id='line_1_14' title="bbox 132 1579 1147 1666; baseline 0.001 -23"><span class='ocrx_word' id='word_1_96' title='bbox 132 1602 166 1644; x_wconf 88' lang='grc' dir='ltr'><strong><em>τε</em></strong></span> <span class='ocrx_word' id='word_1_97' title='bbox 191 1590 250 1664; x_wconf 93' lang='grc' dir='ltr'><strong><em>γῆς</em></strong></span> <span class='ocrx_word' id='word_1_98' title='bbox 271 1591 400 1666; x_wconf 88' lang='grc' dir='ltr'><strong><em>πρῶτος</em></strong></span> <span class='ocrx_word' id='word_1_99' title='bbox 423 1584 531 1666; x_wconf 83' lang='grc' dir='ltr'><strong><em>ἔθετο,</em></strong></span> <span class='ocrx_word' id='word_1_100' title='bbox 553 1580 608 1647; x_wconf 82' lang='grc' dir='ltr'><strong><em>καὶ</em></strong></span> <span class='ocrx_word' id='word_1_101' title='bbox 630 1584 729 1646; x_wconf 88' lang='grc' dir='ltr'><strong><em>πόλιν</em></strong></span> <span class='ocrx_word' id='word_1_102' title='bbox 753 1580 904 1665; x_wconf 82' lang='grc' dir='ltr'><strong><em>ἐδείματο</em></strong></span> <span class='ocrx_word' id='word_1_103' title='bbox 928 1579 983 1646; x_wconf 80' lang='grc' dir='ltr'><strong><em>καὶ</em></strong></span> <span class='ocrx_word' id='word_1_104' title='bbox 1006 1584 1147 1665; x_wconf 82' lang='grc' dir='ltr'><strong><em>τείχεσιν</em></strong></span> 
     </span>
     <span class='ocr_line' id='line_1_15' title="bbox 134 1685 1147 1772; baseline 0 -21"><span class='ocrx_word' id='word_1_105' title='bbox 134 1685 327 1772; x_wconf 80' lang='grc' dir='ltr'><strong><em>ὠχύρωσεν,</em></strong></span> <span class='ocrx_word' id='word_1_106' title='bbox 350 1690 397 1764; x_wconf 89' lang='grc' dir='ltr'><strong><em>είς</em></strong></span> <span class='ocrx_word' id='word_1_107' title='bbox 409 1688 509 1753; x_wconf 86' lang='grc' dir='ltr'><strong><em>ταύτὸ</em></strong></span> <span class='ocrx_word' id='word_1_108' title='bbox 525 1692 702 1753; x_wconf 78' lang='grc' dir='ltr'><strong><em>συνελθεῖν</em></strong></span> <span class='ocrx_word' id='word_1_109' title='bbox 721 1689 799 1764; x_wconf 88' lang='grc' dir='ltr'><strong><em>τοὺς</em></strong></span> <span class='ocrx_word' id='word_1_110' title='bbox 821 1689 963 1762; x_wconf 88' lang='grc' dir='ltr'><strong><em>οίκείους</em></strong></span> <span class='ocrx_word' id='word_1_111' title='bbox 986 1709 1147 1769; x_wconf 89' lang='grc' dir='ltr'><strong><em>καταναγ-</em></strong></span> 
     </span>
     <span class='ocr_line' id='line_1_16' title="bbox 133 1790 1187 1878; baseline 0.002 -22"><span class='ocrx_word' id='word_1_112' title='bbox 133 1793 244 1869; x_wconf 89' lang='grc' dir='ltr'><strong><em>κάσας.</em></strong></span> <span class='ocrx_word' id='word_1_113' title='bbox 284 1792 339 1858; x_wconf 83' lang='grc' dir='ltr'><strong><em>καὶ</em></strong></span> <span class='ocrx_word' id='word_1_114' title='bbox 366 1795 426 1876; x_wconf 87' lang='grc' dir='ltr'><strong><em>τήν</em></strong></span> <span class='ocrx_word' id='word_1_115' title='bbox 453 1797 551 1859; x_wconf 93' lang='grc' dir='ltr'><strong><em>πόλιν</em></strong></span> <span class='ocrx_word' id='word_1_116' title='bbox 580 1790 617 1858; x_wconf 78' lang='grc' dir='ltr'><strong><em>δέ</em></strong></span> <span class='ocrx_word' id='word_1_117' title='bbox 648 1795 771 1876; x_wconf 87' lang='grc' dir='ltr'><strong><em>ταύτην</em></strong></span> <span class='ocrx_word' id='word_1_118' title='bbox 803 1792 866 1858; x_wconf 90' lang='grc' dir='ltr'><strong><em>ἀπὸ</em></strong></span> <span class='ocrx_word' id='word_1_119' title='bbox 892 1790 1056 1878; x_wconf 79' lang='grc' dir='ltr'><strong><em>Ἀνώχου,</em></strong></span> <span class='ocrx_word' id='word_1_120' title='bbox 1085 1803 1146 1858; x_wconf 89' lang='grc' dir='ltr'><strong><em>τοῦ</em></strong></span> <span class='ocrx_word' id='word_1_121' title='bbox 1161 1812 1187 1852; x_wconf 79' lang='lat'><strong><em>15</em></strong></span> 
     </span>
     <span class='ocr_line' id='line_1_17' title="bbox 132 1895 1146 1983; baseline 0.004 -23"><span class='ocrx_word' id='word_1_122' title='bbox 132 1899 359 1980; x_wconf 76' lang='grc' dir='ltr'><strong><em>πρεσβυτάτου</em></strong></span> <span class='ocrx_word' id='word_1_123' title='bbox 382 1900 511 1981; x_wconf 88' lang='grc' dir='ltr'><strong><em>παιδός,</em></strong></span> <span class='ocrx_word' id='word_1_124' title='bbox 531 1895 678 1982; x_wconf 85' lang='grc' dir='ltr'><strong><em>Ἀνῶχαν</em></strong></span> <span class='ocrx_word' id='word_1_125' title='bbox 697 1899 859 1964; x_wconf 87' lang='grc' dir='ltr'><strong><em>ἐκάλεσεν.</em></strong></span> <span class='ocrx_word' id='word_1_126' title='bbox 897 1899 983 1981; x_wconf 87' lang='grc'>&lt;63&gt;</span> <span class='ocrx_word' id='word_1_127' title='bbox 999 1895 1146 1983; x_wconf 84' lang='grc' dir='ltr'><strong><em>Ἀνῶχου</em></strong></span> 
     </span>
     <span class='ocr_line' id='line_1_18' title="bbox 134 1998 1147 2090; baseline 0.002 -24"><span class='ocrx_word' id='word_1_128' title='bbox 134 1998 171 2067; x_wconf 76' lang='grc' dir='ltr'><strong><em>δὲ</em></strong></span> <span class='ocrx_word' id='word_1_129' title='bbox 191 1999 335 2089; x_wconf 79' lang='grc' dir='ltr'><strong><em>Ἰαράδης</em></strong></span> <span class='ocrx_word' id='word_1_130' title='bbox 348 2004 421 2080; x_wconf 87' lang='grc' dir='ltr'><strong><em>υίὸς</em></strong></span> <span class='ocrx_word' id='word_1_131' title='bbox 434 2000 490 2087; x_wconf 81' lang='grc' dir='ltr'><strong><em>ῆν</em></strong></span> <span class='ocrx_word' id='word_1_132' title='bbox 514 2003 550 2068; x_wconf 89' lang='grc' dir='ltr'><strong><em>ἐκ</em></strong></span> <span class='ocrx_word' id='word_1_133' title='bbox 569 2001 607 2069; x_wconf 79' lang='grc' dir='ltr'><strong><em>δέ</em></strong></span> <span class='ocrx_word' id='word_1_134' title='bbox 624 2005 744 2070; x_wconf 87' lang='grc' dir='ltr'><strong><em>τούτου</em></strong></span> <span class='ocrx_word' id='word_1_135' title='bbox 762 2007 977 2090; x_wconf 89' lang='grc' dir='ltr'><strong><em>Μαρούηλος,</em></strong></span> <span class='ocrx_word' id='word_1_136' title='bbox 1000 2000 1040 2069; x_wconf 88' lang='grc' dir='ltr'><strong><em>οὑ</em></strong></span> <span class='ocrx_word' id='word_1_137' title='bbox 1059 2009 1147 2087; x_wconf 89' lang='grc' dir='ltr'><strong><em>γίνε-</em></strong></span> 
     </span>
     <span class='ocr_line' id='line_1_19' title="bbox 133 2105 1147 2198; baseline 0.001 -24"><span class='ocrx_word' id='word_1_138' title='bbox 133 2134 185 2175; x_wconf 93' lang='grc' dir='ltr'><strong><em>ται</em></strong></span> <span class='ocrx_word' id='word_1_139' title='bbox 220 2123 297 2188; x_wconf 83' lang='grc' dir='ltr'><strong><em>παῖς</em></strong></span> <span class='ocrx_word' id='word_1_140' title='bbox 327 2111 570 2187; x_wconf 80' lang='grc' dir='ltr'><strong><em>Μαθουσάλας·</em></strong></span> <span class='ocrx_word' id='word_1_141' title='bbox 607 2121 667 2176; x_wconf 86' lang='grc' dir='ltr'><strong><em>τοῦ</em></strong></span> <span class='ocrx_word' id='word_1_142' title='bbox 700 2108 737 2175; x_wconf 75' lang='grc' dir='ltr'><strong><em>δὲ</em></strong></span> <span class='ocrx_word' id='word_1_143' title='bbox 765 2111 937 2197; x_wconf 89' lang='grc' dir='ltr'><strong><em>Λάμεχος,</em></strong></span> <span class='ocrx_word' id='word_1_144' title='bbox 973 2105 999 2198; x_wconf 81' lang='grc' dir='ltr'><strong><em>ςὺ</em></strong></span> <span class='ocrx_word' id='word_1_145' title='bbox 1032 2112 1147 2188; x_wconf 80' lang='grc' dir='ltr'><strong><em>παῖδες</em></strong></span> 
     </span>
     <span class='ocr_line' id='line_1_20' title="bbox 132 2213 1145 2304; baseline 0 -22"><span class='ocrx_word' id='word_1_146' title='bbox 132 2216 281 2304; x_wconf 80' lang='grc' dir='ltr'><strong><em>ὑπῆρξαν</em></strong></span> <span class='ocrx_word' id='word_1_147' title='bbox 301 2213 380 2281; x_wconf 82' lang='grc' dir='ltr'><strong><em>ἐπτά</em></strong></span> <span class='ocrx_word' id='word_1_148' title='bbox 400 2214 454 2281; x_wconf 87' lang='grc' dir='ltr'><strong><em>καὶ</em></strong></span> <span class='ocrx_word' id='word_1_149' title='bbox 473 2214 711 2301; x_wconf 82' lang='grc' dir='ltr'><strong><em>ἐβδομήκοντα,</em></strong></span> <span class='ocrx_word' id='word_1_150' title='bbox 735 2218 770 2283; x_wconf 83' lang='grc' dir='ltr'><strong><em>ἐκ</em></strong></span> <span class='ocrx_word' id='word_1_151' title='bbox 790 2219 851 2282; x_wconf 90' lang='grc' dir='ltr'><strong><em>δύο</em></strong></span> <span class='ocrx_word' id='word_1_152' title='bbox 870 2229 1038 2300; x_wconf 88' lang='grc' dir='ltr'><strong><em>γυναικῶν</em></strong></span> <span class='ocrx_word' id='word_1_153' title='bbox 1056 2218 1145 2304; x_wconf 78' lang='grc' dir='ltr'><strong><em>αὐτῷ</em></strong></span> 
     </span>
     <span class='ocr_line' id='line_1_21' title="bbox 133 2320 1188 2408; baseline 0.002 -21"><span class='ocrx_word' id='word_1_154' title='bbox 133 2325 267 2406; x_wconf 85' lang='grc' dir='ltr'><strong><em>φύντες,</em></strong></span> <span class='ocrx_word' id='word_1_155' title='bbox 285 2327 414 2398; x_wconf 82' lang='grc' dir='ltr'><strong><em>Σελλᾶς</em></strong></span> <span class='ocrx_word' id='word_1_156' title='bbox 431 2321 486 2386; x_wconf 83' lang='grc' dir='ltr'><strong><em>καὶ</em></strong></span> <span class='ocrx_word' id='word_1_157' title='bbox 506 2320 611 2399; x_wconf 80' lang='grc' dir='ltr'><strong><em>Ἀδᾶς.</em></strong></span> <span class='ocrx_word' id='word_1_158' title='bbox 648 2325 736 2406; x_wconf 85' lang='grc'>&lt;64&gt;</span> <span class='ocrx_word' id='word_1_159' title='bbox 755 2325 882 2388; x_wconf 88' lang='grc' dir='ltr'><strong><em>τούτων</em></strong></span> <span class='ocrx_word' id='word_1_160' title='bbox 902 2320 1055 2407; x_wconf 83' lang='grc' dir='ltr'><strong><em>Ἰώβηλος</em></strong></span> <span class='ocrx_word' id='word_1_161' title='bbox 1074 2322 1147 2408; x_wconf 83' lang='grc' dir='ltr'><strong><em>μέν,</em></strong></span> <span class='ocrx_word' id='word_1_162' title='bbox 1161 2342 1188 2382; x_wconf 83' lang='lat'><strong><em>2⁰</em></strong></span> 
     </span>
     <span class='ocr_line' id='line_1_22' title="bbox 134 2425 1146 2515; baseline 0.003 -23"><span class='ocrx_word' id='word_1_163' title='bbox 134 2426 167 2504; x_wconf 87' lang='grc' dir='ltr'><strong><em>ἐξ</em></strong></span> <span class='ocrx_word' id='word_1_164' title='bbox 196 2425 292 2503; x_wconf 85' lang='grc' dir='ltr'><strong><em>Ἀδάς</em></strong></span> <span class='ocrx_word' id='word_1_165' title='bbox 323 2430 488 2511; x_wconf 85' lang='grc' dir='ltr'><strong><em>γεγονώς,</em></strong></span> <span class='ocrx_word' id='word_1_166' title='bbox 521 2429 644 2513; x_wconf 86' lang='grc' dir='ltr'><strong><em>σκηνάς</em></strong></span> <span class='ocrx_word' id='word_1_167' title='bbox 680 2427 818 2512; x_wconf 81' lang='grc' dir='ltr'><strong><em>ἐπήξατο</em></strong></span> <span class='ocrx_word' id='word_1_168' title='bbox 855 2427 910 2494; x_wconf 83' lang='grc' dir='ltr'><strong><em>καὶ</em></strong></span> <span class='ocrx_word' id='word_1_169' title='bbox 945 2434 1146 2515; x_wconf 85' lang='grc' dir='ltr'><strong><em>προβατείαν</em></strong></span> 
     </span>
     <span class='ocr_line' id='line_1_23' title="bbox 133 2531 1146 2624; baseline 0.005 -28"><span class='ocrx_word' id='word_1_170' title='bbox 133 2532 317 2616; x_wconf 88' lang='grc' dir='ltr'><strong><em>ῆγάπησεν,</em></strong></span> <span class='ocrx_word' id='word_1_171' title='bbox 341 2531 509 2620; x_wconf 83' lang='grc' dir='ltr'><strong><em>Ἰούβαλος</em></strong></span> <span class='ocrx_word' id='word_1_172' title='bbox 532 2533 584 2618; x_wconf 83' lang='grc' dir='ltr'><strong><em>δέ,</em></strong></span> <span class='ocrx_word' id='word_1_173' title='bbox 607 2535 805 2620; x_wconf 87' lang='grc' dir='ltr'><strong><em>ὁμομήτριος</em></strong></span> <span class='ocrx_word' id='word_1_174' title='bbox 828 2536 875 2600; x_wconf 81' lang='grc' dir='ltr'><strong><em>ῶν</em></strong></span> <span class='ocrx_word' id='word_1_175' title='bbox 899 2535 1004 2624; x_wconf 78' lang='grc' dir='ltr'><strong><em>αὑτῶ,</em></strong></span> <span class='ocrx_word' id='word_1_176' title='bbox 1031 2553 1146 2621; x_wconf 92' lang='grc' dir='ltr'><strong><em>μουσι-</em></strong></span> 
     </span>
     <span class='ocr_line' id='line_1_24' title="bbox 132 2639 1147 2727; baseline 0.005 -24"><span class='ocrx_word' id='word_1_177' title='bbox 132 2639 195 2722; x_wconf 84' lang='grc' dir='ltr'><strong><em>κήν</em></strong></span> <span class='ocrx_word' id='word_1_178' title='bbox 213 2641 335 2722; x_wconf 89' lang='grc' dir='ltr'><strong><em>ήσκησε</em></strong></span> <span class='ocrx_word' id='word_1_179' title='bbox 354 2639 409 2706; x_wconf 85' lang='grc' dir='ltr'><strong><em>καὶ</em></strong></span> <span class='ocrx_word' id='word_1_180' title='bbox 426 2643 590 2726; x_wconf 79' lang='grc' dir='ltr'><strong><em>ψαλτήρια</em></strong></span> <span class='ocrx_word' id='word_1_181' title='bbox 609 2640 663 2706; x_wconf 85' lang='grc' dir='ltr'><strong><em>καὶ</em></strong></span> <span class='ocrx_word' id='word_1_182' title='bbox 682 2643 822 2727; x_wconf 82' lang='grc' dir='ltr'><strong><em>καθάρας</em></strong></span> <span class='ocrx_word' id='word_1_183' title='bbox 841 2641 1006 2726; x_wconf 88' lang='grc' dir='ltr'><strong><em>ἐπενόησε.</em></strong></span> <span class='ocrx_word' id='word_1_184' title='bbox 1044 2645 1147 2726; x_wconf 80' lang='grc' dir='ltr'><strong><em>Θόβε-</em></strong></span> 
     </span>
     <span class='ocr_line' id='line_1_25' title="bbox 133 2743 1146 2833; baseline 0.001 -21"><span class='ocrx_word' id='word_1_185' title='bbox 133 2752 190 2824; x_wconf 92' lang='grc' dir='ltr'><strong><em>λος</em></strong></span> <span class='ocrx_word' id='word_1_186' title='bbox 220 2743 257 2812; x_wconf 80' lang='grc' dir='ltr'><strong><em>δέ</em></strong></span> <span class='ocrx_word' id='word_1_187' title='bbox 286 2758 353 2812; x_wconf 86' lang='grc' dir='ltr'><strong><em>τῶν</em></strong></span> <span class='ocrx_word' id='word_1_188' title='bbox 386 2748 421 2813; x_wconf 86' lang='grc' dir='ltr'><strong><em>ἐκ</em></strong></span> <span class='ocrx_word' id='word_1_189' title='bbox 449 2758 506 2831; x_wconf 91' lang='grc' dir='ltr'><strong><em>τῆς</em></strong></span> <span class='ocrx_word' id='word_1_190' title='bbox 533 2746 644 2833; x_wconf 81' lang='grc' dir='ltr'><strong><em>ἐτέρας</em></strong></span> <span class='ocrx_word' id='word_1_191' title='bbox 673 2753 879 2832; x_wconf 88' lang='grc' dir='ltr'><strong><em>γεγονότων,</em></strong></span> <span class='ocrx_word' id='word_1_192' title='bbox 913 2750 1002 2833; x_wconf 82' lang='grc' dir='ltr'><strong><em>ίσχύι·</em></strong></span> <span class='ocrx_word' id='word_1_193' title='bbox 1022 2750 1146 2826; x_wconf 87' lang='grc' dir='ltr'><strong><em>πάντας</em></strong></span> 
     </span>
     <span class='ocr_line' id='line_1_26' title="bbox 133 2854 1187 2940; baseline 0.002 -21"><span class='ocrx_word' id='word_1_194' title='bbox 133 2854 363 2940; x_wconf 87' lang='grc' dir='ltr'><strong><em>ὑπερβάλλων,</em></strong></span> <span class='ocrx_word' id='word_1_195' title='bbox 386 2856 425 2918; x_wconf 86' lang='grc' dir='ltr'><strong><em>τά</em></strong></span> <span class='ocrx_word' id='word_1_196' title='bbox 438 2857 598 2939; x_wconf 87' lang='grc' dir='ltr'><strong><em>πολεμικά</em></strong></span> <span class='ocrx_word' id='word_1_197' title='bbox 613 2857 799 2940; x_wconf 75' lang='grc' dir='ltr'><strong><em>διαπρεπῶς</em></strong></span> <span class='ocrx_word' id='word_1_198' title='bbox 817 2860 993 2939; x_wconf 88' lang='grc' dir='ltr'><strong><em>μετῆλθεν,</em></strong></span> <span class='ocrx_word' id='word_1_199' title='bbox 1016 2855 1052 2920; x_wconf 83' lang='grc' dir='ltr'><strong><em>ἐκ</em></strong></span> <span class='ocrx_word' id='word_1_200' title='bbox 1070 2857 1146 2921; x_wconf 83' lang='grc' dir='ltr'><strong><em>τού·</em></strong></span> <span class='ocrx_word' id='word_1_201' title='bbox 1161 2873 1187 2913; x_wconf 78' lang='lat'><strong><em>25</em></strong></span> 
     </span>
     <span class='ocr_line' id='line_1_27' title="bbox 133 2960 1146 3047; baseline 0.003 -22"><span class='ocrx_word' id='word_1_202' title='bbox 133 2986 201 3028; x_wconf 89' lang='grc' dir='ltr'><strong><em>των</em></strong></span> <span class='ocrx_word' id='word_1_203' title='bbox 223 2960 277 3026; x_wconf 85' lang='grc' dir='ltr'><strong><em>καὶ</em></strong></span> <span class='ocrx_word' id='word_1_204' title='bbox 300 2962 339 3025; x_wconf 86' lang='grc' dir='ltr'><strong><em>τά</em></strong></span> <span class='ocrx_word' id='word_1_205' title='bbox 362 2963 445 3045; x_wconf 90' lang='grc' dir='ltr'><strong><em>πρὸς</em></strong></span> <span class='ocrx_word' id='word_1_206' title='bbox 462 2961 590 3045; x_wconf 80' lang='grc' dir='ltr'><strong><em>ἡδονήν</em></strong></span> <span class='ocrx_word' id='word_1_207' title='bbox 613 2963 840 3046; x_wconf 86' lang='grc' dir='ltr'><strong><em>τοῦσώματος</em></strong></span> <span class='ocrx_word' id='word_1_208' title='bbox 864 2961 1043 3047; x_wconf 84' lang='grc' dir='ltr'><strong><em>ἐκπορίζων</em></strong></span> <span class='ocrx_word' id='word_1_209' title='bbox 1068 2968 1146 3047; x_wconf 93' lang='grc' dir='ltr'><strong><em>χαλ-</em></strong></span> 
     </span>
     <span class='ocr_line' id='line_1_28' title="bbox 134 3064 1147 3154; baseline 0.003 -23"><span class='ocrx_word' id='word_1_210' title='bbox 134 3072 226 3133; x_wconf 87' lang='grc' dir='ltr'><strong><em>κείαν</em></strong></span> <span class='ocrx_word' id='word_1_211' title='bbox 249 3091 282 3132; x_wconf 89' lang='grc' dir='ltr'><strong><em>τε</em></strong></span> <span class='ocrx_word' id='word_1_212' title='bbox 306 3079 434 3152; x_wconf 87' lang='grc' dir='ltr'><strong><em>πρῶτος</em></strong></span> <span class='ocrx_word' id='word_1_213' title='bbox 462 3067 627 3150; x_wconf 89' lang='grc' dir='ltr'><strong><em>ἐπενόησε.</em></strong></span> <span class='ocrx_word' id='word_1_214' title='bbox 672 3069 759 3151; x_wconf 82' lang='grc'>&lt;65&gt;</span> <span class='ocrx_word' id='word_1_215' title='bbox 782 3071 888 3154; x_wconf 87' lang='grc' dir='ltr'><strong><em>πατήρ</em></strong></span> <span class='ocrx_word' id='word_1_216' title='bbox 920 3064 956 3133; x_wconf 73' lang='grc' dir='ltr'><strong><em>δὲ</em></strong></span> <span class='ocrx_word' id='word_1_217' title='bbox 978 3071 1147 3151; x_wconf 88' lang='grc' dir='ltr'><strong><em>θυγατρὸς</em></strong></span> 
     </span>
     <span class='ocr_line' id='line_1_29' title="bbox 135 3174 1147 3259; baseline 0.002 -21"><span class='ocrx_word' id='word_1_218' title='bbox 135 3177 311 3257; x_wconf 88' lang='grc' dir='ltr'><strong><em>γενόμενος</em></strong></span> <span class='ocrx_word' id='word_1_219' title='bbox 325 3175 477 3259; x_wconf 88' lang='grc' dir='ltr'><strong><em>Λάμεχος</em></strong></span> <span class='ocrx_word' id='word_1_220' title='bbox 491 3178 625 3258; x_wconf 85' lang='grc' dir='ltr'><strong><em>Νοεμᾶς</em></strong></span> <span class='ocrx_word' id='word_1_221' title='bbox 647 3176 764 3259; x_wconf 84' lang='grc' dir='ltr'><strong><em>όνομα,</em></strong></span> <span class='ocrx_word' id='word_1_222' title='bbox 787 3174 856 3240; x_wconf 81' lang='grc' dir='ltr'><strong><em>ἐπεὶ</em></strong></span> <span class='ocrx_word' id='word_1_223' title='bbox 875 3176 915 3239; x_wconf 82' lang='grc' dir='ltr'><strong><em>τά</em></strong></span> <span class='ocrx_word' id='word_1_224' title='bbox 932 3181 1011 3239; x_wconf 81' lang='grc' dir='ltr'><strong><em>θεία</em></strong></span> <span class='ocrx_word' id='word_1_225' title='bbox 1034 3186 1147 3259; x_wconf 85' lang='grc' dir='ltr'><strong><em>σαφῶς</em></strong></span> 
     </span>
     <span class='ocr_line' id='line_1_30' title="bbox 135 3278 1147 3366; baseline -0.001 -20"><span class='ocrx_word' id='word_1_226' title='bbox 135 3280 384 3365; x_wconf 82' lang='grc' dir='ltr'><strong><em>ἐξεπιστάμενος</em></strong></span> <span class='ocrx_word' id='word_1_227' title='bbox 407 3278 493 3366; x_wconf 85' lang='grc' dir='ltr'><strong><em>ἑώρα</em></strong></span> <span class='ocrx_word' id='word_1_228' title='bbox 517 3283 613 3363; x_wconf 91' lang='grc' dir='ltr'><strong><em>δίκην</em></strong></span> <span class='ocrx_word' id='word_1_229' title='bbox 637 3278 755 3346; x_wconf 82' lang='grc' dir='ltr'><strong><em>ἑαυτὸν</em></strong></span> <span class='ocrx_word' id='word_1_230' title='bbox 777 3280 941 3366; x_wconf 83' lang='grc' dir='ltr'><strong><em>ὑφέξοντα</em></strong></span> <span class='ocrx_word' id='word_1_231' title='bbox 963 3291 1020 3365; x_wconf 90' lang='grc' dir='ltr'><strong><em>τῆς</em></strong></span> <span class='ocrx_word' id='word_1_232' title='bbox 1043 3282 1147 3356; x_wconf 76' lang='grc' dir='ltr'><strong><em>Κάιος</em></strong></span> 
     </span>
     <span class='ocr_line' id='line_1_31' title="bbox 135 3384 1188 3473; baseline -0.001 -21"><span class='ocrx_word' id='word_1_233' title='bbox 135 3387 414 3473; x_wconf 84' lang='grc' dir='ltr'><strong><em>ἀδελφοκτονίας,</em></strong></span> <span class='ocrx_word' id='word_1_234' title='bbox 450 3397 547 3453; x_wconf 85' lang='grc' dir='ltr'><strong><em>τοῦτο</em></strong></span> <span class='ocrx_word' id='word_1_235' title='bbox 580 3399 650 3464; x_wconf 81' lang='grc' dir='ltr'><strong><em>ταῖς</em></strong></span> <span class='ocrx_word' id='word_1_236' title='bbox 682 3384 801 3453; x_wconf 84' lang='grc' dir='ltr'><strong><em>ἑαυτοῦ</em></strong></span> <span class='ocrx_word' id='word_1_237' title='bbox 834 3385 985 3469; x_wconf 79' lang='grc' dir='ltr'><strong><em>γυναιξὶν</em></strong></span> <span class='ocrx_word' id='word_1_238' title='bbox 1015 3386 1147 3469; x_wconf 82' lang='grc' dir='ltr'><strong><em>ἐποίησε</em></strong></span> <span class='ocrx_word' id='word_1_239' title='bbox 1161 3405 1188 3444; x_wconf 80' lang='lat'><strong><em>³⁰</em></strong></span> 
     </span>
     <span class='ocr_line' id='line_1_32' title="bbox 208 3509 528 3575; baseline -0.006 -11"><span class='ocrx_word' id='word_1_240' title='bbox 208 3509 528 3575; x_wconf 75' lang='lat' dir='ltr'><strong>§60=G0n.1v17.</strong></span> 
     </span>
    </p>
   </div>
   <div class='ocr_carea' id='block_1_3' title="bbox 0 0 1236 3848">
    <p class='ocr_par' dir='ltr' id='par_1_3' title="bbox 0 0 1236 3848">
     <span class='ocr_line' id='line_1_33' title="bbox 0 0 1236 3848; baseline 0 0"><span class='ocrx_word' id='word_1_241' title='bbox 0 0 1236 3848; x_wconf 95' lang='lat' dir='ltr'><strong><em> </em></strong></span> 
     </span>
    </p>
   </div>
  </div>
 </body>
</html>
