2460 3848
558 129 685 181 αΡαΤΗ
862 77 864 81 ’
954 105 957 109 ’
1084 112 1125 193 61

112 292 204 376 ηξειν
221 290 276 357 καὶ
296 299 391 374 τιμῆς
408 289 492 374 ’ὅσης
511 292 598 369 είκύς
626 291 695 357 ἐστι
717 301 830 376 τυχεῖν
853 293 915 375 την
939 291 1025 357 οὕτω
1050 307 1129 374 συγ-

112 407 202 482 γενη.
250 398 359 480 <298>
380 394 536 480 Ἰακώβου
561 393 598 462 δὲ
617 396 767 482 ἀσμένως
790 407 891 463 ταῦτα
915 396 1129 477 ἀκούσαντος,

112 502 167 569 καὶ
195 507 363 588 φήσαντος
389 501 494 585 ἡδέως
521 502 628 568 πάντα
655 501 870 589 μένων”παρ’
904 503 992 589 αύτῷ
1022 506 1128 568 πόνον

112 611 172 687 είς·
190 609 318 692 ηδονην
349 608 528 690 ὑπομενεῖν
559 610 620 692 την
647 608 798 693 ἐκείνου,
830 611 956 692 μισθὸν
984 604 1014 672 δ’
1047 604 1129 692 ὑπὲρ

84 715 233 780 ετούτον
257 717 373 797 λαβεῖν
402 711 573 790 ἀξιοῦντος
599 716 659 779 τὸν
681 711 837 799 Ῥαχήλας
860 715 985 804 γάμον,
1017 713 1073 776 διά
1096 735 1129 777 τε

112 815 215 886 τᾶλλα
238 827 333 903 τιμης
352 816 443 896 ἀξίας
461 815 537 904 παρ’
565 818 654 906 αὐτῷ
678 808 856 904 τυγχάνειν
878 821 980 904 οὔσης
1003 817 1056 883 καὶ
1080 818 1130 883 ὅτι

114 925 269 1003 διάκονος
287 926 375 1012 αὐτῷ
395 934 452 1007 τῆς
469 927 551 1009 πρὸς
574 925 677 989 αὐτὸν
696 922 838 1010 ἀφίξεως
861 922 991 1008 γένοιτο
1016 923 1047 1008 (δ
1067 925 1130 1006 γάρ

113 1042 170 1116 τῆς
187 1033 306 1109 παιδὸς
325 1033 407 1116 ἔρως
425 1030 527 1096 αὐτὸν
546 1031 706 1114 ἠνάγκαζε
728 1033 933 1114 ποιήσασθαι
955 1032 1033 1106 τοὺς
1056 1027 1132 1114 περὶ

114 1139 234 1204 τούτου
267 1134 419 1221 λόγους)·
458 1135 566 1219 <299>
599 1136 754 1220 Λάβανος
788 1133 819 1200 δ’
854 1134 971 1219 ἡσθεὶς
1003 1136 1132 1211 τούτοις

73 1264 101 1304 10
115 1244 259 1310 ἐπινεύει
273 1245 332 1309 τδν
347 1243 454 1326 γάμον
468 1243 557 1329 αὐτῷ
578 1251 636 1325 τῆς
653 1243 782 1326 παιδός,
806 1242 867 1307 ούκ
886 1244 988 1307 ἀλλον
1007 1240 1130 1325 ἀμείνω

114 1352 265 1436 γαμβρὸν
279 1347 457 1433 εὐξάμενος
471 1347 595 1413 ἐλθεῖν.
640 1349 672 1412 εί
689 1345 801 1431 μέντοι
821 1344 896 1432 παρ’
924 1348 1012 1434 αύτῷ
1037 1346 1132 1432 μένοι
1208 1406 1212 1413 .

114 1458 188 1522 τινδι
210 1460 347 1544 χρόνον,
368 1465 467 1520 τοῦτο
490 1457 655 1538 ποιήσειν·
680 1455 727 1530 είς
750 1455 812 1539 γάρ
838 1457 1048 1530 Χαναναίους
1071 1454 1132 1519 οὐκ

115 1563 157 1628 ἀν
184 1560 310 1646 πέμψαι
339 1563 400 1645 την
426 1558 615 1646 θυγατέρα,
645 1557 837 1652 μεταμέλειν
870 1561 932 1644 γάρ
960 1559 1048 1648 αύτῷ
1077 1557 1133 1623 καὶ

116 1678 176 1733 τοῦ
193 1676 256 1751 της
269 1667 414 1751 ἀδελφῆς
433 1668 557 1750 κήδους
576 1665 644 1730 ἐκεῖ
666 1661 904 1749 συναφθέντος.
951 1666 1058 1748 <300>
1071 1675 1133 1730 τοῦ

77 1790 103 1831 15
118 1770 147 1837 δ’
173 1769 330 1857 Ἰακώβου
361 1773 491 1849 τούτοις
519 1781 771 1857 συγχωροῦντος
798 1767 865 1836 ἕπτ’
898 1769 980 1836 ε’τών
1009 1774 1132 1856 χρόνον

118 1880 326 1943 συντίθεται·
359 1879 478 1944 τοσάδε
511 1880 574 1963 γάρ
607 1878 695 1966 αὐτῷ
724 1875 869 1963 κέκριται
896 1885 1057 1962 θητεῦσαι
1087 1886 1132 1966 τῷ

117 1990 282 2072 πενθερῷ,
305 1985 363 2049 ἵνα
385 1993 441 2069 της
460 1983 576 2072 ἀρετῆς
599 1997 716 2069 πεῖραν
740 1985 820 2061 δούς
838 1983 1029 2068 ἐπιγνωσθῇ
1053 1989 1133 2067 μάλ-

118 2095 179 2155 λον
206 2092 255 2166 τίς
282 2095 342 2173 είη.
387 2088 442 2155 καὶ
470 2089 736 2175 προσδεξάμενος
762 2093 821 2158 τὸν
849 2092 951 2172 λόγον
979 2089 1134 2172 Λάβανος

118 2205 178 2261 τοῦ
210 2180 334 2280 χρόνον
367 2197 561 2274 διελθόντος
593 2199 768 2281 προυτίθει
800 2195 861 2281 την
893 2194 1035 2279 εὐωχίαν
1067 2207 1133 2260 τῶν

78 2321 104 2360 20
118 2302 242 2384 γάμων.
288 2301 396 2386 <301>
411 2305 530 2380 νυκτὸς
544 2299 574 2366 δ’
594 2299 826 2384 ἐπιγενομένης
845 2297 945 2366 οὐδὲν
964 2307 1135 2386 προησθη-

118 2405 206 2497 μένω
243 2416 288 2496 τῷ
323 2403 468 2496 Ἰακώβῳ
505 2410 782 2492 παρακατακλίνει
818 2408 879 2491 τὴν
917 2404 1031 2492 ἑτέραν
1067 2419 1134 2472 τῶν

116 2511 325 2599 θυγατέρων,
347 2511 574 2599 πρεσβυτέραν
588 2536 622 2578 τε
641 2522 697 2597 τῆς
715 2511 871 2598 Ῥαχήλας
893 2511 948 2577 καὶ
972 2515 1032 2598 τὴν
1055 2515 1134 2591 ὄψιν

120 2620 181 2685 ούκ
212 2615 369 2707 εὐπρεπῆ.
416 2619 592 2683 συνελθὼν
625 2616 655 2683 δ’
692 2619 816 2696 ἐκεῖνος
848 2619 912 2685 ὑπὸ
945 2616 1050 2703 μέθης
1081 2618 1135 2684 καὶ
1161 2686 1163 2688 ,

119 2729 267 2809 σκύτους,
286 2720 356 2789 εἶτα
375 2721 451 2807 μεθ’
473 2721 599 2809 ἡμέραν
617 2725 730 2808 γνούς,
754 2725 885 2790 ἀδικίαν
904 2723 1054 2790 ἐπεκάλει
1067 2729 1135 2789 Λα-

79 2849 105 2889 2⁵
119 2831 220 2921 βάνηι.
266 2831 375 2914 <302>
405 2829 423 2894 ὃ
454 2825 492 2894 δὲ
523 2831 723 2914 συγγνώμην
753 2828 861 2915 ᾐτεῖτο
890 2839 948 2911 τῆς
979 2829 1135 2913 ἀνάγκης,

119 2935 177 3023 ὑφ’
205 2933 243 3022 ἧς
261 2948 362 3003 ταῦτα
381 2935 547 3022 πράξειεν·
571 2935 612 3001 ού
630 2936 693 3021 γάρ
716 2936 798 3000 κατά
820 2938 1024 3019 κακουργίαν
1047 2934 1136 3022 αύτῷ

86 3042 89 3050 ’
120 3046 181 3127 την
204 3047 308 3109 Λείαν
331 3054 528 3130 παρασχεῖν,
557 3039 628 3106 ἀλλ’
656 3038 713 3126 ὑφ’
741 3039 854 3124 ἑτέρου
878 3042 1026 3123 μείζονος
1048 3064 1136 3106 νενι-

116 3252 273 3341 Ῥαχήλας
295 3256 418 3338 γάμον,
448 3250 665 3349 ἀλλὀέρώντι
694 3253 814 3316 δώσειν
837 3254 961 3337 ταύτην
984 3253 1052 3337 μετ’
1080 3258 1136 3320 ἀλ-

82 3379 109 3420 30
123 3367 185 3444 λην
209 3360 367 3426 ἑπτετίαν.
413 3364 563 3424 πείθεται
583 3355 613 3422 δ’
637 3355 835 3443 δἸάκωβος·
860 3357 961 3425 οὐδὲν
985 3364 1048 3446 γάρ
1072 3360 1137 3425 έτε-

193 3488 208 3548 5
228 3488 280 3537 298
296 3509 329 3529 =
345 3481 412 3536 Gen.
431 3480 522 3534 XXIX
543 3486 583 3534 18.
