2460 3848
119 160 185 226 124
484 159 759 212 ενωοοονιλε

116 347 184 388 των
206 320 309 389 πλέον
331 319 487 407 περὶτῆς
510 319 668 403 ἀληθείας
691 328 736 407 τῷ
759 315 840 405 πυρὶ
862 317 974 402 νέμων
996 315 1054 382 καὶ
1076 319 1139 384 τὸν

116 432 201 496 θεὸν
215 429 336 513 εὐμενῆ
351 426 562 512 παραστάτην
579 424 666 504 ἕξειν
679 426 844 491 πιστεύων
858 426 936 501 τούς
948 419 973 489 τ’
991 425 1139 501 οἰκείους

117 537 239 601 σώσειν
260 535 373 616 ήλπιζε
396 529 452 596 καὶ
473 533 552 608 τοὺς
570 532 775 614 Αἰγυπτίους
795 541 910 607 κακοῖς
930 533 1137 614 περιβαλεῖν.

64 642 227 723 13<277>
253 636 309 704 καὶ
340 640 533 721 πυθόμενος
564 639 623 703 τὸν
654 648 722 702 τών
750 639 944 720 Αἰγυπτίων
972 635 1138 702 τεθνάναι

116 743 255 830 βασιλέα
285 745 499 829 Φαραώθην,
531 740 583 828 ἐφ’
617 739 720 830 οὗπερ
748 744 847 821 αὐτὸς
874 745 997 828 ἔφυγε,
1028 743 1161 811 δεῖταιι

111 849 314 936 Ῥαγουήλου
337 860 549 937 συγχωρήσαι
571 847 641 916 κατ’
665 848 828 935 ὠφέλειαν
851 849 939 936 αὐτῷ
963 859 1031 914 τῶν
1055 865 1137 932 συγ·
1175 928 1180 947 1

116 969 225 1041 γενῶν
260 959 308 1035 είς
340 962 513 1040 Αἴγυπτον
549 956 722 1022 ἀπελθεῖν·
752 952 807 1021 καὶ
838 954 1041 1041 παραλαβών
1073 956 1138 1040 τήν

116 1065 311 1149 Σαπφώραν
340 1063 383 1147 ἣν
413 1065 611 1148 γεγαμήκει,
639 1072 700 1130 τοῦ
723 1059 925 1146 Ῥαγουήλου
952 1058 1138 1148 θυγατέρα,

114 1167 170 1235 καὶ
202 1171 280 1244 τοὺς
316 1167 349 1246 ἐξ
382 1168 482 1251 αύτής
508 1171 647 1252 παῖδας,
679 1169 711 1232 Γ
706 1176 813 1253 ήρσον
844 1164 900 1232 καὶ
926 1163 1137 1253 Ἐλεάζαρον,

115 1277 270 1361 ὥρμησεν
293 1276 340 1351 είς
361 1275 423 1358 τήν
446 1279 628 1358 Αἴγυπτον.
674 1275 784 1358 <278>
806 1284 873 1340 τών
897 1270 929 1338 δ’
957 1273 1136 1358 ὀνομάτων
1150 1301 1174 1341 ιο

6 1468 8 1473 .
114 1383 244 1447 τούτων
263 1383 393 1467 Γήρσος
415 1376 476 1465 μέν
495 1385 648 1466 σημαίνει
670 1377 748 1445 καθ’
771 1377 936 1465 Ἑβραίων
959 1381 1136 1448 διάλεκτον

115 1487 166 1553 ότι
189 1489 236 1565 είς
254 1485 353 1571 ξένην
371 1496 447 1571 γῆν,
466 1483 657 1573 Ἐλεάζαρος
680 1482 718 1551 δέ
736 1487 897 1575 συμμάχῳ
920 1495 966 1574 τῷ
989 1484 1137 1577 πατρῴφ

112 1600 183 1682 θεῷ
207 1593 418 1680 χρησάμενον
440 1594 543 1660 αὐτὸν
565 1594 771 1675 Αἰγυπτίους
794 1593 980 1677 διαφυγεῖν.
1022 1592 1136 1677 (279)

113 1698 283 1790 γενομένω
303 1696 333 1764 δ’
356 1699 446 1786 αὐτῷ
464 1702 607 1782 πλησίον
630 1709 697 1764 τῶν
716 1698 817 1783 ὅρων,
840 1696 984 1782 ἁδελφὸς
1003 1694 1134 1785 Ἀαρὼν

113 1807 281 1888 ὑπήντησε
304 1814 365 1870 τοῦ
386 1810 472 1880 θεοῦ
490 1805 719 1882 κελεύσαντος·
743 1807 826 1891 πρὸς
848 1803 888 1870 δν
911 1802 1134 1889 ἀποσημαίνει
1147 1833 1171 1874 ιι

113 1911 153 1975 τδι
177 1909 214 1975 έν
236 1919 282 1998 τῷ
307 1911 377 1996 όρει
401 1912 607 1995 συντυχόντα
636 1908 691 1976 καὶ
713 1922 774 1977 τοῦ
796 1917 882 1977 θεοῦ
904 1911 962 1987 τάς
985 1909 1131 1990 ἐντολάς.

113 2026 270 2103 προϊοῦσι
298 2013 329 2081 δ’
357 2016 470 2093 αὐτοῖς
491 2016 691 2100 ὑπηντίαζον
709 2015 874 2103 Ἑβραίων
898 2018 934 2082 οί
952 2016 1133 2101 ἀξιολογώ-

114 2146 218 2208 τατοι,
240 2124 302 2207 τήν
319 2126 506 2210 παρουσίαν
524 2123 628 2189 αὐτοῦ
650 2126 888 2208 μεμαθηκότες,
911 2115 961 2200 οἷς
981 2127 1135 2209 Μωυσῆς

114 2231 154 2296 τὰ
173 2241 291 2315 σημεῖα
310 2227 543 2316 διηγούμενος,
561 2228 631 2296 ἐπεὶ
648 2232 793 2306 πιθανὸς
811 2229 873 2295 οὐκ
890 2225 945 2314 ήν,
967 2229 1132 2318 παρέσχεν

115 2337 226 2402 αὐτῶν
257 2338 319 2420 τήν
350 2339 440 2416 όύιν.
490 2337 600 2420 <280>
630 2339 666 2402 οἳ
695 2332 727 2400 δ’
758 2332 816 2400 ὑπ’
851 2335 1033 2422 ἐκπλήξεως
1063 2348 1132 2405 τῶν
1145 2365 1173 2405 νο

113 2441 202 2524 παρὰ
234 2440 336 2518 δόξαν
368 2441 481 2518 αύτοίς
513 2440 693 2525 ὁρωμένων
725 2440 938 2529 ἀνεθάρρουν
969 2441 1024 2508 καὶ
1055 2443 1133 2532 περὶ

112 2555 180 2610 τῶν
203 2545 292 2610 ὅλων
314 2541 400 2629 ἦσαν
424 2544 605 2630 εὐέλπιδες,
627 2547 672 2623 ώς
692 2554 778 2614 θεοῦ
796 2547 1055 2641 προνοουμένου,
1074 2560 1133 2635 τῆς

114 2647 295 2733 ἀσφαλείας
317 2651 436 2717 αύτών.

76 2772 92 2820 ν
178 2755 289 2840 <281>
308 2754 379 2822 έπεὶ
397 2753 435 2822 δέ
453 2765 662 2835 καταπειθεῖς
680 2753 768 2845 εἶχεν
785 2762 849 2844 ήδη
868 2759 1133 2850 τούςἙβραίους

112 2862 130 2929 ὁ
153 2866 304 2945 Μωυσῆς
329 2861 385 2927 καὶ
413 2855 463 2939 οἷς
489 2863 532 2930 ἀν
561 2866 701 2952 κελεύση
728 2868 858 2945 τούτοις
885 2868 1131 2953 ἀκολουθήσειν
1144 2893 1172 2934 ετ

112 2970 358 3054 ὁμολογοῦντας
380 2966 435 3035 καί
464 2978 522 3053 τῆς
544 2970 737 3057 ἐλευθερίας
759 2972 921 3060 ἐρῶντας,
950 2979 1130 3061 παραγίνε-

111 3099 165 3140 ται
187 3077 270 3161 πρὸς
299 3078 359 3142 τὸν
380 3074 518 3158 βασιλέα
544 3078 606 3161 τήν
628 3077 809 3164 ἡγεμονίαν
831 3079 950 3146 νεωστὶ
972 3087 1129 3167 παρειλη-

112 3183 219 3262 φότα,
252 3181 362 3266 (282)
389 3180 445 3248 καὶ
472 3183 534 3249 ὅσα
561 3181 589 3250 τ’
617 3184 819 3269 ὠφελήσειεν
841 3189 1048 3271 Αἰγυπτίους
1069 3185 1128 3253 ὑπ’

110 3286 289 3351 Αἰθιόπων
305 3288 642 3375 καταφρονουμένους
658 3290 714 3356 καὶ
733 3290 994 3379 διαρπαζομένης
1015 3293 1129 3360 αύτών

109 3399 168 3474 τῆς
190 3392 298 3477 χώρας
325 3392 447 3479 ἐδήλου
459 3444 469 3479 ,
500 3397 680 3482 στρατηγία
708 3395 763 3462 καὶ
785 3400 901 3476 πόνοις
923 3399 1131 3484 χρησάμενος
1144 3425 1175 3466 ιο

165 3517 186 3578 §
201 3518 261 3571 277
272 3541 309 3564 ι·
322 3515 414 3574 Exod.
433 3516 476 3576 IV
495 3524 537 3576 18.
