2460 3848
72 151 114 216 28
441 152 716 206 ΑΡΧΑΙΟΛΟΓΙΑΣ

71 310 127 398 ἀφ’
160 313 262 381 αὑτοῦ
290 312 430 390 καλέσας
457 317 535 390 τοὺς
562 311 766 401 ἐπιχωρίους.
812 313 921 397 <133>
950 315 1019 377 ἔστι
1047 309 1085 378 δὲ

70 418 125 485 καὶ
143 423 289 504 ποταμὸς
308 419 345 484 έν
368 429 407 504 τῇ
425 421 578 504 Μαύρων
596 422 688 508 χώρα
705 416 796 486 τοῦτ’
819 422 903 504 ἔχων
921 420 1087 504 τούνομα·

71 527 154 592 ὅθεν
167 525 223 591 καί
236 529 314 602 τοὺς
327 530 501 602 πλείστους
519 537 586 591 τῶν
600 524 802 610 Ἑλληνικῶν
817 525 1084 611 ἱστοριογράφων

71 635 161 697 ἔστιν
189 634 273 697 ἰδείν
301 630 530 716 μεμνημένους
555 641 616 697 τοῦ
643 642 792 718 ποταμοῦ
819 631 874 698 καὶ
901 641 958 715 τῆς
980 652 1085 719 παρα-

70 736 221 821 κειμένης
248 738 335 825 αύτρῦ
364 738 472 824 χώρας
496 735 627 822 Φούτης
655 737 846 823 λεγομένης·
870 735 1025 823 μετέβαλε
1050 735 1113 803 δ’ὁ

71 844 88 909 δ
111 853 176 910 νῦν
208 846 297 909 ἔστιν
326 843 408 929 αῦτη
437 847 542 929 ὄνομα
569 843 633 910 άπὸ
661 856 727 909 τῶν
754 847 972 929 Μεστραλμου
999 845 1084 909 υίῦν

71 946 156 1034 ἑνός,
179 954 306 1034 Λίβυος
324 949 514 1035 λεγομένου.
551 947 618 1034 μετ’
642 949 683 1016 οῦ
705 954 791 1015 πολὺ
810 948 841 1016 δ’
864 948 1005 1036 ἐροῦμεν
1022 953 1084 1035 τὴν

70 1059 178 1120 αἰτίαν
211 1053 254 1120 δι’
291 1056 333 1140 ἣν
366 1055 470 1140 αὐτὴν
504 1054 559 1120 καὶ
585 1053 745 1142 Ἀφρικὴν
776 1057 1084 1143 προσαγορεύεσθαι

71 1159 286 1246 συμβέβηκεν.
332 1163 441 1245 <134>
466 1163 638 1239 Χανάανος
661 1158 699 1226 δὲ
721 1160 872 1248 τέταρτος
896 1163 943 1227 ὢν
967 1163 1084 1247 Χάμου

69 1280 145 1344 παῖς
173 1270 233 1352 τὴν
262 1278 327 1335 νῦν
347 1265 514 1334 Ἰουδαίαν
537 1266 746 1352 καλουμένην
770 1271 911 1353 οἰκίσας,
941 1265 998 1354 ἀφ’
1025 1269 1084 1334 αὖ·
1099 1282 1126 1321 1⁰

70 1383 130 1439 τοῦ
155 1378 348 1440 Χαναναίαν
377 1377 634 1460 προσηγόρευσε.
680 1378 829 1458 γίνονται
853 1371 890 1439 δὲ
912 1376 1028 1451 παῖδες
1051 1374 1084 1452 ἐξ

70 1480 193 1566 αὐτῶν,
216 1481 351 1546 Χούσου
374 1477 435 1565 μὲν
455 1479 501 1564 ἕξ,
523 1475 571 1546 ὧν
590 1481 704 1566 Σάβας
722 1477 782 1565 μὲν
802 1485 982 1566 Σαβαίους,
1004 1480 1086 1546 Εύί-

69 1592 128 1664 λας
152 1584 190 1653 δὲ
212 1587 393 1664 Εύιλαίους
415 1589 555 1670 έκτισεν,
578 1591 613 1652 οἳ
632 1597 697 1652 νῦν
720 1590 897 1653 Γαιτοῦλοι
920 1585 1086 1670 λέγονται,

69 1695 231 1778 Σαβάθας
259 1691 296 1759 δὲ
323 1694 561 1778 Σαβαθηνούς·
592 1694 809 1778 ὀνομάζονται
832 1689 870 1758 δὲ
888 1690 1085 1779 Ἀστάβαροι

69 1797 146 1883 παρ’
164 1797 332 1883 Ἕλλησιν.
378 1801 490 1877 οἰκίζει
514 1795 552 1864 δδ
578 1798 633 1864 καὶ
656 1800 860 1884 Σαβακάῦας
882 1803 1125 1883 Σαβακαθη-ιιδ

69 1904 159 1980 νούς.
196 1905 303 1986 <13ὀ>
314 1902 445 1988 Ῥέγμος
460 1901 497 1969 δὲ
515 1902 704 1988 Ῥεγμαίους
722 1904 833 1992 ᾤκισε,
855 1904 910 1970 καί
929 1907 991 1970 δύο
1010 1918 1085 1970 παί-

71 2011 131 2086 δας
153 2012 260 2095 ἔσχεν,
283 2004 330 2076 ὧν
350 2007 522 2088 Ἰουδάδας
539 2007 601 2094 μὲν
621 2007 859 2094 Ἰουδαδαίους,
882 2013 1085 2077 Αίθιοπικὸν

70 2119 172 2194 ἔθνος
189 2128 257 2184 τῶν
276 2115 450 2204 ἑσπερίων,
464 2120 591 2194 οἰκίσας
610 2116 786 2202 ἐπώνυμον
805 2117 909 2183 αὑτοῦ
923 2115 1085 2202 κατέλιπε,

2 2234 4 2238 ’
69 2228 239 2308 Σαβαίους
262 2221 300 2290 δδ
322 2225 445 2309 Σάβας.
482 2226 667 2310 Νεβρώδης
691 2221 728 2290 δὲ
751 2227 885 2291 Χούσου
908 2225 981 2300 υίὸς
1003 2224 1085 2289 ὑπο·

69 2333 182 2412 μείνας
204 2331 293 2414 παρὰ
314 2333 545 2412 Βαβυλωνίοις
568 2329 802 2415 ἐτυράννησεν,
826 2331 869 2406 ὡς
891 2328 947 2394 καὶ
969 2333 1084 2414 πρότε-
1099 2342 1126 2382 2⁰

70 2437 131 2517 ρόν
149 2458 205 2516 μοι
225 2435 418 2517 δεδήλωται.
453 2437 562 2519 <136>
577 2446 644 2499 τῶν
664 2431 932 2521 δδΜεστραίμου
955 2438 1084 2501 παίδων

70 2538 154 2602 ὀκτὼ
185 2539 396 2625 γενομένων,
429 2543 464 2607 οἰ
490 2541 609 2617 πάντες
636 2543 696 2625 τὴν
726 2539 789 2607 ἀπὸ
813 2543 918 2626 Γάζης
941 2541 1001 2619 ἕως
1024 2545 1085 2607 Αί-

69 2645 196 2727 γύπτου
220 2654 283 2729 γῆν
305 2645 475 2733 κατέσχον,
498 2651 604 2732 μόνον
628 2645 665 2713 δὲ
690 2652 894 2715 Φυλιστίνου
917 2650 978 2733 τὴν
1002 2648 1085 2714 ε’πω-

68 2753 193 2834 νυμίαν
216 2750 236 2832 η
259 2753 350 2837 χώρα
370 2752 563 2838 διεφύλαξε·
587 2758 815 2839 Παλαιστίνην
834 2756 896 2840 γάρ
920 2756 955 2820 οἱ
966 2753 1085 2838 Ἕλλη-

69 2879 124 2933 νες
147 2856 250 2922 αὐτοῦ
273 2858 333 2941 τὴν
357 2869 477 2944 μοῖραν
499 2866 647 2926 καλοῦσι.
693 2861 801 2944 <137>
820 2873 886 2926 τῦυ
909 2858 940 2926 δ’
963 2862 1085 2945 ἄλλων,
1099 2872 1126 2912 2⁵

70 2965 275 3048 Λονδιείμου
293 2961 349 3030 καὶ
364 2960 606 3050 Ἐυεμετιείμου
624 2965 679 3031 καὶ
696 2971 880 3051 Λαβιείμου
900 2978 959 3033 τοῦ
978 2971 1085 3052 μόνου

69 3074 326 3153 κατοικήσαντος
341 3070 377 3136 έν
391 3072 502 3157 Λιβύη
516 3070 572 3136 καί
585 3074 646 3155 την
664 3075 776 3158 χάραν
790 3071 846 3157 ἀφ’
870 3073 972 3140 αὑτοῦ
991 3072 1086 3138 καλέ-

70 3190 206 3258 σαντος,
234 3174 390 3261 Νεδέμου
419 3199 454 3241 τε
481 3175 537 3241 καὶ
568 3182 792 3263 Φεδρωσίμου
819 3177 875 3242 καί
899 3184 1086 3264 Χεσλοίμου

69 3278 124 3344 καί
149 3284 383 3367 Χεφθορίμου,
410 3280 493 3365 πέρα
520 3294 586 3348 τῶν
614 3283 787 3366 ὀνομάτων
810 3279 910 3349 οὐδὲν
935 3293 1042 3369 ίσμευ·
1067 3286 1085 3350 δ

69 3387 131 3472 γὰρ
155 3389 356 3464 Αἰθιοπικὸς
378 3391 532 3473 πόλεμος,
554 3386 629 3474 περὶ
652 3384 693 3454 ού
718 3390 911 3474 δηλώσομεν
932 3391 1086 3476 ὕστερον,
1100 3403 1127 3442 ³⁰

140 3508 402 3575 §.134=G0n.x
425 3516 449 3566 τ.
