2460 3848
101 153 145 219 22
473 155 746 208 ΑΡΧΔῙΟΔΟΓΙΔΣ

101 327 165 401 γῆν
188 317 355 383 ἐπικλύσει
383 319 420 382 τὸ
452 317 553 402 ύδωρ.
599 327 749 402 παραινῶ
773 312 885 400 μέντοι
907 320 1037 397 σφαγῆς
1060 310 1120 377 άν-

100 427 275 510 θρωπίνης
293 421 474 508 ἀπέχεσθαι
492 421 548 487 καὶ
570 424 772 508 καθαρεύειν
795 425 915 506 φόνου,
937 421 1015 494 τοὺς
1038 418 1120 502 δρά-
1167 504 1170 509 ἡ

102 531 224 606 σαντάς
241 552 272 594 τι
291 538 444 594 τοιοῦτον
458 528 667 612 κολάζοντας,
690 533 835 615 χρῆσθαι
854 522 891 591 δὲ
913 535 983 601 τοῖς
1004 525 1121 602 ἄλλοις

102 631 197 720 ζῴοις
229 635 330 699 άπασι
362 635 444 717 πρὸς
471 633 492 699 ά
519 635 684 717 βούλεσθε
714 632 768 699 καλ
794 633 853 710 τάς
875 629 998 716 ὀρέξεις
1020 632 1119 716 ἔχετε.

102 740 263 816 δεσπότας
292 741 355 825 γάρ
387 739 541 806 ἁπάντων
570 740 656 825 ὑμᾶς
684 736 770 805 εἶναι
800 741 962 822 πεποίηκα
988 748 1056 803 τῶν
1083 756 1146 803 τεῡ

102 850 267 931 χερσαίων
297 844 352 910 καὶ
375 858 505 930 νηκτῶν
528 846 583 912 καὶ
613 847 675 912 ὅσα
702 848 762 930 τὴν
790 846 967 930 μετάρσιον
992 844 1121 928 αἰώραν

101 954 168 1037 ἐχει
191 950 246 1017 καὶ
268 953 391 1037 φοράν,
413 952 513 1039 χωρὶς
535 955 683 1038 αἵματος·
708 952 873 1040 ἐντούτῳ
896 950 959 1035 γάρ
983 947 1075 1014 ἐστιν
1098 949 1119 1032 ἡ

100 1061 200 1144 ῦυχή.
236 1058 346 1141 <103>
371 1071 506 1143 σημανῶ
522 1056 558 1125 δὲ
572 1061 653 1144 ὑμῖν
671 1063 802 1125 παῦλαν
826 1053 987 1141 ἐσομένην
1009 1053 1121 1143 τοξείᾳ

101 1173 140 1250 τῇ
165 1163 241 1250 &pff
269 1166 330 1248 την
361 1159 428 1250 ίριν
456 1164 707 1249 ἀποσημαίνων·
735 1162 833 1242 τόξον
860 1163 924 1247 γάρ
948 1157 1034 1226 εἶναι
1059 1173 1120 1228 τοῦ

100 1278 187 1339 θεοῦ
209 1268 288 1358 παρ’
315 1271 430 1348 αὐτοῖς
452 1271 559 1338 ἐκεῖνο
581 1274 783 1354 νενόμισται.
1135 1289 1160 1328 10

190 1376 245 1442 καὶ
266 1379 284 1445 δ
303 1374 364 1462 μὲν
378 1380 459 1456 θεὸς
476 1376 567 1446 ταῦτ’
585 1380 687 1444 είπων
702 1375 756 1442 καὶ
770 1377 997 1462 ὑποσχόμενος
1015 1373 1120 1440 ἀπαλ-

67 1499 83 1550 9
103 1483 264 1550 λάττεται·
303 1486 413 1569 (104)
433 1487 550 1562 Νώεος
573 1481 609 1550 δὲ
633 1487 728 1568 βιούς
746 1484 826 1568 μετά
848 1483 910 1567 την
934 1480 1119 1565 ἐπομβρίαν

100 1594 304 1675 πεντήκοντα
333 1590 388 1657 καὶ
419 1588 578 1678 τριακόσι’
604 1593 658 1675 ἐτη
689 1588 744 1655 καὶ
773 1589 880 1655 πάντα
907 1589 966 1654 τὸν
994 1590 1119 1673 χρόνον

100 1709 221 1766 τοῦτον
258 1697 465 1781 εὐδαιμόνως
503 1699 693 1782 διαγαγάν,
729 1701 864 1783 τελευτᾷ
902 1697 998 1778 ζήσας
1035 1692 1119 1759 ἐτῶν

102 1802 251 1889 ἀριθμὸν
270 1803 454 1869 ἐνακοσίων
474 1802 529 1868 καὶ
553 1806 765 1887 πεντήκοντα.
808 1801 917 1884 <105>
941 1798 1057 1883 μηδεὶς
1081 1797 1118 1865 δὲ
1134 1818 1160 1859 15

101 1910 184 1992 πρὸς
215 1909 273 1973 τὸν
305 1917 369 1973 νῦν
401 1911 478 1991 βίον
510 1907 565 1974 καὶ
591 1910 653 1992 τὴν
680 1909 870 1994 βραχύτητα
897 1918 963 1972 τῶν
991 1905 1121 1972 ἐτῶνά

103 2017 206 2097 ζῶμεν
226 2013 406 2098 συμβαλὼν
425 2015 483 2079 τὸν
506 2025 573 2079 τῶν
595 2019 745 2079 παλαιῶν
767 2015 875 2096 ψευδῆ
898 2008 1056 2095 νομιζέτω
1080 2014 1121 2077 τά

101 2120 177 2208 περὶ
205 2121 340 2186 ἐκείνων
369 2123 549 2205 λεγόμενα,
578 2130 623 2208 τῷ
651 2116 778 2205 μηδένα
806 2129 870 2186 νῦν
898 2127 1058 2184 τοσοῦτον
1083 2118 1121 2184 ἐν

102 2237 146 2316 τῷ
177 2232 239 2317 βίω
266 2230 476 2311 παρατείνειν
504 2230 627 2311 χρόνον
654 2227 910 2309 τεκμαιρόμενος
932 2218 1009 2306 μηδ’
1036 2221 1121 2288 ἐκεί-

102 2357 183 2408 νους
206 2335 253 2410 είς
276 2332 384 2397 ἐκεῖνο
402 2334 439 2397 τὸ
459 2341 561 2416 μῆκος
583 2341 640 2414 τῆς
663 2335 745 2413 ζωῆς
767 2329 918 2416 ἀφῖχθαι.
956 2329 1066 2412 <106>
1087 2333 1162 2396 οἳεο

102 2432 164 2519 μὲν
187 2438 250 2520 γάρ
273 2441 444 2519 θεοφιλεῖς
467 2437 560 2512 ὄντες
590 2434 644 2500 καὶ
666 2431 722 2499 ὑπ’
750 2435 853 2502 αὐτοῦ
875 2445 935 2501 τοῦ
957 2442 1042 2500 θεοῦ
1065 2459 1120 2517 γε-

101 2544 250 2625 νόμενοι,
263 2538 318 2604 καὶ
333 2541 388 2604 διά
402 2541 460 2616 τάς
472 2541 598 2625 τροφάς
612 2539 872 2627 ἐπιτηδειοτέρας
885 2544 968 2627 πρὸς
980 2545 1119 2606 πλείονα

101 2650 225 2735 χρόνον
255 2646 375 2729 οὔσας,
406 2647 540 2723 εἰκότως
568 2649 649 2725 ἐζων
674 2652 804 2730 πλῆθος
831 2657 991 2714 τοσοῦτον
1024 2646 1118 2712 ἐτῶν.

102 2757 212 2821 ἔπειτα
231 2750 285 2818 καλ
305 2749 349 2816 δι’
368 2752 489 2837 ἀρετὴν
507 2751 562 2818 καὶ
580 2755 642 2837 τὴν
660 2754 857 2840 εὐχρηστίαν
876 2747 923 2819 ὧν
945 2753 1118 2837 ἐπενόουν,

102 2861 323 2947 ἀστρονομίας
344 2856 399 2923 καὶ
422 2863 637 2945 γεωμετρίας,
665 2859 767 2926 πλέον
792 2862 848 2943 ζῆν
871 2863 930 2926 τὸν
952 2863 1036 2927 θεὸν
1059 2861 1118 2925 αύ-
1132 2877 1159 2918 2⁵

101 2980 171 3045 τοῖς
197 2976 391 3052 παρασχεῖν·
421 2966 504 3048 άπερ
535 2965 597 3031 οὐκ
625 2961 668 3049 ἦν
695 2965 850 3051 ἀσφαλῶς
872 2966 984 3043 αὐτοῖς
1006 2988 1118 3049 προει-

101 3084 177 3138 πεῖν
205 3074 249 3156 μὴ
279 3074 413 3155 ζήσασιν
442 3069 633 3149 ἑξακοσίους
656 3071 841 3149 ἐνιαυτούς·
871 3073 926 3136 διά
948 3073 1117 3139 τοσούτων

101 3178 165 3261 γάρ
190 3177 207 3244 δ
231 3174 331 3261 μέγας
361 3175 510 3253 ἐνιαυτὸς
536 3183 727 3263 πληροῦται.
774 3178 884 3262 <107>
912 3187 1140 3265 μαρτυροῦσιΔ

103 3280 143 3348 δέ
159 3305 223 3366 μου
244 3290 289 3370 τῷ
310 3285 397 3370 λόγῳ
416 3281 536 3360 πάντες
554 3284 589 3351 οί
604 3281 680 3370 παρ’
698 3282 836 3369 Ἕλλησι
854 3282 908 3350 καὶ
926 3286 1014 3371 παρὰ
1037 3287 1118 3370 βαρ-

96 3389 218 3476 βάροις
241 3389 511 3472 συγγραψάμενοι
534 3391 592 3467 τάς
614 3390 852 3476 ἀρχαιολογίας.
898 3389 953 3456 καὶ
976 3392 1039 3476 γάρ
1063 3389 1118 3455 καὶ
1131 3409 1159 3449 ⁸⁰

174 3516 189 3577 5
210 3516 259 3565 102
275 3535 308 3556 =
324 3508 391 3563 Gen.
410 3509 449 3564 IX
469 3517 494 3564 4.
