2460 3848
121 160 185 225 116
488 158 761 211 AmeAormz

119 323 137 388 δ
161 323 334 406 βασιλεύς,
361 329 515 387 τοιοῦτον
542 317 645 384 αὐτὸν
672 328 733 383 τοῦ
755 323 841 383 θεοῦ
863 315 1143 401 παρασκευάσαν-

119 453 191 512 τος,
213 422 240 518 ᾧ
263 431 404 514 πρόνοια
427 434 484 509 τῆς
507 422 672 502 Μωυσέος
695 427 858 510 σωτηρίας
879 418 932 506 ῆν.
981 418 1143 508 ἐτρέφετο

119 531 183 601 οὖν
196 539 320 615 πολλῆς
334 532 518 616 ἐπιμελείας
531 531 714 616 τυγχάνων.
751 527 806 595 καί
815 540 885 606 τοῖς
899 525 960 614 μὲν
969 526 1143 613 Ἑβραίοις

121 638 171 707 ἐπ’
198 640 287 727 αὐτῷ
315 647 425 724 παρῆν
452 635 622 704 εύέλπισιν
650 633 738 703 εἰναι
760 634 836 722 περὶ
858 647 926 701 τῶν
949 635 1055 719 ὅλων,
1090 632 1138 700 δι’

119 748 266 825 ὑποψίας
298 742 328 810 δ’
364 740 455 830 εἰχον
485 744 663 828 Αἰγύπτιοι
695 745 756 828 τήν
792 742 986 829 ἀνατροφήν
1018 740 1170 806 αύτοῦ·5

35 859 40 868 “
119 852 229 935 <237>
248 852 390 936 μηδενὸς
409 848 439 916 δ’
463 853 559 928 όντος
582 860 732 937 φανεροῦ
751 844 795 913 δι’
818 848 836 913 δ
859 847 922 914 κάν
946 844 1142 912 ἀπέκτεινεν

118 958 222 1024 αὐτὸν
244 957 265 1042 ῆ
288 957 307 1024 δ
330 960 486 1041 βασιλεὺς
505 960 584 1023 όντα
607 955 662 1021 καί
686 963 830 1038 συγγενῆ
854 955 910 1020 διὰ
932 962 989 1038 τῆς
1011 954 1142 1020 εἰσποι-

95 1059 235 1149 ήσεως,
258 1063 278 1148 ῆ
301 1074 370 1129 τῶν
392 1064 504 1129 ἀλλων
526 1087 591 1146 τις,
614 1056 641 1150 ᾧ
665 1059 767 1128 πλέον
790 1058 874 1145 ὑπὲρ
898 1061 1057 1145 ὠφελείας
1079 1069 1142 1144 τῆς

118 1173 313 1254 Αἰγυπτίων
345 1168 382 1235 έιι
413 1179 474 1235 τοῦ
503 1167 696 1253 προειδέναι
727 1169 767 1232 τά
799 1165 962 1252 μέλλοντα
993 1172 1141 1251 θαρρεῖν

118 1285 244 1361 παρῆν,
266 1275 441 1361 ἀπείχοντο
464 1284 520 1360 τῆς
543 1272 742 1360 ἀναιρέσεως
764 1272 876 1338 αὐτοῦ.
1156 1291 1183 1330 ιο

68 1386 110 1450 10
186 1381 297 1466 <238>
324 1387 476 1467 Μωυσῆς
507 1378 569 1466 μὲν
601 1376 664 1448 οὖν
695 1389 740 1468 τῷ
768 1376 997 1467 προειρημένῳ
1023 1380 1140 1468 τρόπῳ

118 1492 295 1573 γεννηθείς
323 1512 358 1554 τε
388 1487 442 1554 καί
472 1486 608 1575 τραφεὶς
634 1484 688 1553 καί
715 1487 895 1569 παρελθὼν
922 1487 969 1562 εἰς
991 1483 1140 1569 ῆλικίαν,

117 1597 268 1681 φανερὰν
294 1607 363 1673 τοῖς
390 1597 587 1679 Αἰγυπτίοις
613 1596 674 1678 τῆν
704 1592 824 1680 ἀρετήν
852 1591 984 1677 ἐποίησε
1010 1589 1067 1655 καί
1097 1594 1139 1657 τὸ

118 1700 172 1767 έπί
202 1703 397 1767 ταπεινώσει
424 1698 485 1786 μὲν
515 1710 554 1786 τῆ
588 1701 725 1767 ἐκείνων
757 1695 807 1765 ἐπ’
839 1697 974 1783 αὐξήσει
1003 1693 1039 1763 δὲ
1067 1709 1138 1764 τῶν

111 1787 277 1893 (Εβραίων
318 1804 511 1890 γεγονέναι,
553 1808 706 1890 τοιαύτης
751 1806 902 1891 ἀφορμῆς
943 1807 1138 1888 λαβόμενος.
1155 1821 1181 1861 1⁵

118 1912 228 1996 (239)
250 1914 413 1989 Αἰθίοπες
446 1910 633 1998 (πρόσοικοι
663 1909 694 1975 δ’
730 1909 795 1975 εἰσί
826 1922 896 1988 τοίς
924 1908 1138 1998 Αἰγυπτίοις)

118 2017 317 2103 ἐμβαλόντες
338 2019 386 2094 εἰς
408 2018 469 2101 τῆν
496 2018 609 2103 χώραν
632 2015 742 2082 αὐτῶν
766 2019 886 2103 ἔφερον
909 2015 964 2083 καί
986 2012 1071 2099 ἦγον
1093 2019 1138 2082 τδι

116 2137 183 2191 τῶν
215 2127 418 2208 Αἰγυπτίων.
465 2127 500 2189 οἳ
528 2119 557 2188 δ’
593 2118 651 2187 ὑπ’
685 2121 786 2209 ἀργῆς
818 2124 1055 2210 στρατεύουσιν
1079 2120 1130 2188 ἐπ’

117 2232 251 2315 αὐτούς,
274 2230 501 2315 ἀμυνούμενοι
520 2237 577 2312 τῆς
595 2232 883 2314 καταφρονήσεως,
905 2229 960 2296 καί
983 2238 1021 2315 τῆ
1045 2231 1135 2317 μάχη

116 2335 336 2423 κρατηθέντες
364 2339 398 2402 οἳ
423 2332 483 2419 μέν
512 2335 621 2400 αὐτῶν
645 2337 779 2419 ἔπεσον,
808 2340 842 2401 οἳ
863 2333 893 2402 δ’
922 2338 1063 2423 αἰσχρῶς
1086 2339 1136 2415 εἰς
1151 2355 1179 2394 2⁰

116 2445 178 2525 τῆν
207 2442 333 2506 οἰκείαν
360 2443 573 2525 διεσώθησαν
603 2445 774 2527 φυγόντες.
820 2441 930 2527 <240>
953 2442 1136 2526 έπηκολού-

116 2552 229 2631 θησαν
248 2543 286 2611 δὲ
304 2548 481 2625 διώκοντες
499 2550 673 2632 Αἰθίοπες,
695 2547 750 2613 καί
768 2553 928 2633 μαλακίας
945 2549 1135 2633 ὑπολαβόν-

117 2675 169 2729 τες
191 2654 228 2718 τὸ
247 2653 291 2736 μή
310 2666 443 2738 κρατεῖν
466 2655 572 2740 πάσης
590 2665 646 2739 τῆς
664 2656 848 2739 Αἰγύπτου,
870 2665 927 2741 τῆς
949 2658 1056 2742 χώρας
1079 2656 1133 2722 έπί

117 2756 219 2825 πλέον
251 2758 415 2844 ήπτοντο,
447 2760 501 2826 καὶ
530 2762 730 2847 γευσάμενοι
757 2774 825 2829 τῶν
854 2761 993 2847 ἀγαθῶν
1021 2760 1129 2829 οὐκέτ’

118 2866 228 2932 αὐτῶν
251 2864 434 2951 ἀπείχοντο.
480 2867 525 2945 ὡς
552 2864 589 2933 δὲ
616 2868 656 2934 τὰ
679 2881 872 2952 γειτνιῶντα
894 2867 975 2954 μέρη
999 2881 1132 2955 πρῶτον
1148 2885 1177 2926 2⁵

118 2973 232 3051 αὐτοῖς
245 2970 474 3059 ἐπερχομένων
492 2973 554 3040 οὐκ
573 2973 720 3059 ἐτόλμων
735 2975 1012 3062 ἀντιστρατεύειν,
1029 2978 1132 3062 πρού-

118 3081 227 3162 βησαν
250 3081 326 3165 ἀχρι
343 3065 512 3165 Μέμφεως
534 3079 589 3145 καί
607 3089 663 3164 τῆς
685 3081 862 3166 θαλάττης,
885 3082 1042 3165 οὐδεμιᾶς
1064 3093 1132 3149 τῶν

116 3186 247 3249 πόλεων
263 3203 266 3209 ’
283 3184 451 3272 ἀντίσχειν
488 3187 699 3271 δυνηθείσης.
751 3187 861 3272 <241>
893 3196 938 3275 τῷ
972 3185 1009 3252 δέ
1041 3199 1130 3274 κακῶ

115 3292 307 3373 πιεζόμενον
320 3295 403 3378 πρὸς
420 3296 588 3380 χρησμοὺς
606 3293 784 3376 Αἰγύπτιοι
806 3292 861 3358 καὶ
884 3299 1037 3377 μαντείας
1059 3292 1131 3379 τρέ-

115 3416 243 3462 πονται.
285 3401 596 3484 συμβουλεύσαντος
610 3395 640 3464 δ’
659 3398 772 3475 αὐτοῖς
789 3409 849 3465 τοῦ
866 3405 952 3466 θεοῦ
970 3401 1173 3489 συμμάχων)

166 3522 187 3580 ό
204 3523 263 3574 238
279 3519 316 3575 αἰ.
336 3521 507 3596 Αείαραηυε
527 3539 573 3596 ορ.
593 3519 698 3578 Euseb.
715 3535 814 3590 praep.
834 3535 936 3587 οπεος.
949 3520 997 3572 m
1010 3527 1058 3571 (ια.
