2460 3848
127 147 193 213 306
497 147 770 199 ΑΡΧΑιοΛοΓΙΑΣ

127 310 171 386 ὡς
189 304 257 374 εἶδε
275 310 337 394 τὴν
355 309 481 395 τροπην
500 306 691 391 γινομένην,
713 308 833 391 φυγὼν
851 305 1037 392 ἀφικνεῖται
1057 310 1155 394 παρά

126 439 200 481 τινα
223 426 290 482 τῶν
313 415 502 480 Κενετίδων
525 422 682 497 γυναῖκα,
702 410 811 496 Ἰάλην
835 415 950 496 ὄνομα,
972 411 993 495 ἣ
1018 415 1154 498 κρύψαι

126 519 156 586 τ’
179 521 364 599 ἀξιώσαντα
382 518 509 605 δέχεται
527 517 582 583 καὶ
600 521 703 585 ποτὸν
722 521 893 602 αίτησαντι
916 519 1035 584 δίδωσι
1062 521 1153 603 γάλα

127 630 308 713 διεφθορὸς
334 627 408 710 ἤδη.
455 625 564 709 <208>
589 624 607 690 ὃ
635 621 672 690 δὲ
699 626 786 690 πιὼν
816 634 876 690 τοῦ
899 623 1020 710 μέτρου
1045 627 1152 706 δαψι-

127 731 282 817 λέστερον
309 734 356 808 είς
382 731 491 796 ύπνον
518 727 680 817 τρέπεται·
709 731 729 814 η
758 727 791 795 δ’
815 728 902 815 Ἰάλη
930 731 1177 815 κοιμωμένουτ

128 840 289 924 σιδηροῦν
311 832 394 920 ἧλον
417 836 561 902 ἐλάσασα
580 838 690 922 σφύρη
715 837 771 901 διδ
793 846 854 902 τοῦ
877 839 1038 920 στόματος
1063 842 1151 904 κατά

127 953 187 1009 τοῦ
204 947 361 1028 χελυνίου
380 941 524 1029 διέπειρε
543 943 723 1027 τούδαφος,
745 940 800 1007 καὶ
818 941 980 1027 τοῖςπερὶ
1002 945 1066 1008 τὸν
1081 947 1152 1010 Βά-

127 1073 231 1136 ρακον
249 1052 367 1133 μικρὸν
380 1049 521 1136 ὕστερον
535 1048 696 1114 ἐλθοῦσιν
715 1048 902 1114 ἐπεδείκνυε
921 1056 960 1134 τῇ
979 1058 1021 1134 γῇ
1039 1070 1151 1136 προσ-

126 1152 308 1240 ηλωμένον.
345 1155 453 1239 <209>
473 1154 528 1220 καί
547 1154 634 1220 ούτω
653 1150 714 1239 μὲν
731 1155 752 1238 ἡ
771 1158 847 1237 νίκη
871 1155 952 1239 αύτη
975 1154 1150 1243 περιέστη,

126 1263 208 1326 κατὰ
231 1263 271 1325 τά
293 1262 358 1328 ὑπὸ
377 1263 538 1347 Δεβώρας
560 1259 728 1347 είρημένα,
750 1263 797 1337 είς
815 1272 967 1345 γυναῖκα,
990 1261 1149 1346 Βάρακος
1163 1282 1186 1322 ιο

128 1364 165 1432 δὲ
189 1369 388 1454 στρατεύσας
415 1364 464 1431 ἐπ’
489 1365 640 1452 ’Ἁσωρον
659 1364 803 1451 Ἰαβϊνόν
830 1391 865 1431 τε
894 1366 1148 1435 ὑπαντιάσαντα

59 1501 60 1504 “
126 1478 257 1557 κτείνει,
280 1462 336 1539 καὶ
354 1484 414 1539 τοῦ
432 1481 618 1559 στρατηγοῦ
640 1476 799 1550 πεσόντος
820 1474 974 1538 καθελὼν
997 1475 1045 1551 είς
1070 1477 1148 1540 ἐδα-

126 1605 190 1665 φος
220 1581 282 1665 την
313 1583 429 1662 πόλιν,
461 1590 637 1665 στρατηγεῖ
666 1589 732 1644 τῶν
761 1574 973 1664 Ἰσραηλιτῶν
1003 1576 1055 1644 ἐπ’
1090 1584 1146 1666 ἐτη

126 1686 373 1772 τετταράκοντα.

93 1795 113 1858 6
194 1794 303 1876 <210>
317 1794 570 1876 τελευτησαντος
587 1788 624 1855 δέ
638 1791 794 1878 Βαράκου
812 1789 867 1856 καὶ
882 1792 1043 1877 Δεβώρας
1062 1795 1147 1860 κατά
1162 1810 1184 1851 1⁵

127 1899 187 1963 τὸν
210 1898 312 1964 αὐτὸν
338 1899 470 1981 καιρόν,
498 1898 578 1982 μετὰ
605 1907 707 1963 ταῦτα
729 1899 935 1962 Μαδιανῖται
958 1897 1147 1982 παρακαλέ-

128 2020 243 2079 σαντες
266 2000 481 2087 Ἀμαληκίτας
512 2026 546 2068 τε
574 2001 629 2067 καὶ
650 2001 793 2090 ’Ἁραβας
823 2004 1061 2087 στρατεύουσιν
1093 2005 1147 2071 ἐπὶ

128 2112 206 2187 τοὺς
225 2106 442 2195 Ἰσραηλίτας,
468 2108 523 2175 καὶ
545 2111 631 2196 μάχη
654 2133 689 2174 τε
712 2120 830 2174 νικῶσι
853 2113 931 2187 τοὺς
953 2114 1147 2194 συμβαλόν-

128 2238 201 2298 τας,
229 2213 284 2279 καὶ
311 2217 369 2281 τὸν
396 2219 523 2303 καρπὸν
551 2217 737 2303 δηώσαντες
764 2217 825 2297 την
848 2218 940 2280 λείαν
964 2213 1145 2298 ἀπήγοντο.

129 2321 238 2404 <211>
261 2331 358 2387 τοῦτο
387 2319 424 2386 δὲ
446 2323 634 2388 ποιούντων
663 2318 712 2387 ἐπ’
740 2323 794 2405 ἒτη
819 2317 916 2403 ἑπτά,
945 2322 992 2396 είς
1014 2321 1054 2385 τά
1081 2325 1144 2408 όρη
1160 2341 1187 2381 νο

127 2437 194 2491 τῶν
213 2425 424 2514 Ἰσραηλιτῶν
447 2427 608 2511 άνεστάλη
637 2430 673 2493 τὸ
697 2433 826 2512 πλῆθος
847 2425 903 2493 καί
926 2437 992 2492 τῶν
1015 2429 1146 2495 πεδίων

127 2531 332 2616 ἐξεχώρουν,
363 2532 553 2616 ὑπονόμους
583 2557 618 2598 τε
650 2531 705 2598 καὶ
737 2535 881 2616 σπήλαια
912 2533 1146 2620 ποιησάμενοι,

126 2644 194 2700 πᾶν
222 2635 240 2698 ὅ
267 2659 299 2699 τι
326 2639 404 2712 τοὺς
430 2642 609 2723 πολεμίους
641 2636 798 2722 διέφυγεν
827 2638 863 2703 ἐν
889 2640 1020 2715 τούτοις
1048 2637 1145 2726 εἶχον

128 2740 360 2827 φυλάττοντες·
399 2742 508 2827 <212>
542 2745 578 2809 οί
606 2744 668 2828 γάρ
700 2744 907 2809 Μαδιανῖται
938 2741 1015 2809 καθ’
1049 2747 1147 2834 ὥραν

129 2851 224 2926 έτους
242 2849 485 2934 στρατεύοντες,
507 2851 565 2915 τὸν
583 2861 728 2934 χειμῶνα
746 2862 905 2937 γεωργεῖν
927 2861 996 2927 τοῖς
1014 2848 1147 2939 Ἰσραη-
1161 2872 1188 2914 ει

130 2958 234 3032 λίταις
257 2954 446 3041 ἐπέτρεπον,
472 2955 560 3031 ὅπως
583 2957 680 3040 ἔχωσι
702 2960 937 3041 πεπονηκότων
952 2957 1148 3038 ,αὐτῶνιείς

129 3058 151 3122 ά
169 3061 346 3140 βλάπτωσι.
392 3062 486 3146 λιμὸς
505 3058 535 3125 δ’
557 3055 599 3145 ἦν
622 3060 677 3126 καὶ
696 3062 813 3139 σπάνις
835 3072 970 3149 τροφῆς,
992 3061 1048 3127 καί
1070 3065 1146 3150 τρέ-

129 3183 247 3229 πονται
270 3169 352 3252 πρὸς
380 3168 520 3231 ίκετείαν
549 3176 609 3231 τοῦ
631 3174 731 3253 θεοῦ,
759 3170 875 3246 σώζειν
899 3169 1019 3245 αὐτοὺς
1041 3189 1147 3255 παρα-

95 3287 111 3335 2
130 3274 317 3348 καλοῦντες.
363 3271 472 3354 <213>
491 3271 546 3337 καὶ
560 3274 692 3338 Γεδεὼν
711 3274 729 3340 ὁ
745 3270 881 3339 Ἰωάσου
895 3285 981 3357 παῖς,
999 3277 1146 3342 Μανασ-

131 3376 254 3452 σίτιδος
268 3381 375 3462 φυλῆς
392 3376 430 3442 έν
448 3376 584 3461 ὀλίγοις,
602 3379 772 3463 δράγματα
790 3380 940 3464 σταχύων
958 3382 1147 3465 φερόμενος
1161 3401 1189 3442 ιο

201 3503 216 3564 ς
231 3503 283 3552 τοο
298 3523 332 3543 =
346 3497 432 3553 ludio.
452 3497 491 3551 IV
509 3505 551 3554 τι.

368 3750 497 3786 Α
