2460 3848
101 153 145 218 32
470 153 743 205 ΔΡΧΑῙΟΛΟΓΙΑΣ

100 331 186 383 νασι.
232 317 421 404 Βαθουήλῳ
451 310 489 379 δέ
514 324 581 378 τῶν
608 314 775 398 Ναχώρου
807 316 954 396 γνησίων
984 313 1115 376 παίδων

100 425 225 507 γίνεται
244 420 401 507 ῬεβέκκαΙ
415 419 567 504 θυγάτηρ
590 417 645 483 καὶ
668 418 823 503 Λάβανος
845 419 926 494 υίός.

67 533 85 596 7
169 529 279 612 <154>
299 526 466 612 Ἅβραμος
494 522 532 591 δὲ
555 530 673 592 Λῶτον
699 529 759 592 τὸν
779 523 920 612 Ἀράνου
948 525 1117 610 τάδελφοῦ

101 633 196 716 υίόν,
225 641 283 716 τῆς
311 628 349 697 δέ
371 634 528 716 γυναικὸς
551 632 653 699 αὐτοῦ
676 633 812 718 Σάρρας
834 632 1002 716 άδελφόν,
1033 633 1116 696 είσε-

102 740 273 822 ποιήσατο,
295 742 435 823 γνησίου
458 741 576 817 παιδὸς
598 738 746 826 ἀπορῶν·
769 737 825 805 καὶ
847 743 1034 804 καταλείπει
1055 740 1143 822 τήν5

103 844 274 909 Χαλδαίαν
308 841 534 930 ἑβδομήκοντα
565 844 620 911 καὶ
651 844 748 911 πέντε
775 847 920 929 γεγονὼς
949 847 1025 930 ἔτη,
1056 854 1118 910 τοῦ

102 956 187 1015 θεοῦ
210 951 427 1028 κελεύσαντος
450 955 496 1029 είς
518 953 579 1036 τήν
603 955 795 1017 Χαναναίαν
818 956 1007 1037 μετελθεῖν,
1035 948 1072 1014 έν
1096 943 1117 1036 ᾗ

102 1051 157 1120 καὶ
180 1052 348 1141 κατῴκησε
371 1055 426 1121 καὶ
449 1068 518 1134 τοῖς
540 1055 718 1140 ἀπογόνοις
740 1055 907 1141 κατέλιπε,
938 1059 1048 1133 δεινὸς
1071 1057 1118 1122 ὢν

104 1158 254 1226 συνιέναι
272 1186 306 1227 τε
325 1161 400 1248 περὶ
418 1163 552 1229 πάντων
566 1161 621 1228 καλ
636 1166 779 1241 πιθανὸς
797 1174 866 1242 τοῖς
884 1162 1119 1250 ἀκροωμένοις,

104 1269 183 1351 περί
210 1289 246 1331 τε
284 1261 331 1332 ὧν
368 1268 528 1334 εἰκάσειεν
560 1268 601 1334 οὐ
634 1269 877 1352 διαμαρτάνων.
922 1269 1031 1352 <155>
1063 1271 1119 1334 διά
1135 1287 1159 1327 1⁰

103 1380 202 1438 τοῦτο
225 1371 282 1438 καὶ
304 1384 444 1459 φρονεῖν
472 1370 522 1439 ἐπ’
550 1372 648 1460 ἀρετή
676 1376 787 1458 μεῖζον
816 1384 883 1438 τῶν
907 1374 1018 1438 ἀλλων
1041 1375 1121 1458 ἠργ-

105 1475 221 1561 μένος,
244 1476 299 1543 καὶ
322 1480 382 1563 τήν
405 1478 480 1565 περὶ
503 1489 563 1546 τοῦ
585 1487 670 1546 θεοῦ
694 1478 811 1563 δόξαν,
833 1478 875 1562 ἣν
898 1480 999 1543 άπασι
1023 1476 1121 1542 σννέ-

104 1586 221 1667 βαινεν
249 1579 352 1669 εἶναι,
381 1590 527 1651 καινίσαι
555 1584 610 1652 καὶ
633 1591 829 1672 μεταβαλεῖν
853 1588 947 1670 ἔγνω.
992 1595 1122 1669 πρῶτος

104 1683 169 1755 οὐν
196 1695 299 1780 τολμᾷ
329 1694 413 1758 θεὸν
441 1692 679 1778 ἀποφήνασθαι
707 1695 912 1780 δημιουργὸν
941 1702 1008 1757 τῶν
1032 1691 1121 1755 ὅλων

105 1794 177 1860 ἕνα·
201 1808 267 1862 τῶν
295 1795 332 1863 δὲ
361 1804 486 1864 λοιπῶν
514 1802 545 1864 εί
566 1802 624 1864 καί
643 1823 674 1864 τι
697 1803 779 1886 πρὸς
802 1799 1018 1882 εὐδαιμονιάν
1042 1814 1121 1862 συν·
1136 1815 1161 1855 15

105 1906 207 1985 τελεῖ,
236 1904 316 1967 κατά
346 1905 536 1988 προσταγήν
563 1905 624 1988 τήν
651 1907 770 1971 τούτου
793 1903 948 1992 παρέχειν
971 1903 1121 1984 ἕκαστον,

106 2005 162 2075 καὶ
180 2008 222 2073 οὐ
239 2006 309 2074 κατ’
333 2011 458 2075 οίκείαν
477 2011 582 2095 ἰσχύν.
629 2012 739 2093 <156>
754 2015 858 2090 είκαζε
877 2007 1034 2076 δὲταῦτα
1053 2019 1123 2086 τοῖς

106 2123 164 2198 τής
178 2123 238 2199 γῆς
251 2113 306 2179 καὶ
319 2116 484 2203 θαλάττης
503 2120 687 2202 παθήμασι,
710 2129 779 2194 τοῖς
795 2142 829 2184 τε
849 2115 924 2203 περὶ
943 2119 1002 2182 τὸν
1024 2116 1122 2198 ήλιον

108 2217 162 2286 καλ
184 2222 246 2304 τήν
270 2226 413 2307 σελήνην
435 2223 490 2290 καὶ
517 2235 598 2290 πᾶσι
621 2237 689 2301 τοῖς
715 2221 786 2289 κατ’
813 2224 959 2308 οὐρανὸν
984 2224 1122 2305 συμβαί-

108 2343 214 2393 νουσι.
252 2329 424 2414 δυνάμεως
442 2334 504 2417 γάρ
524 2331 636 2408 αὐτοῖς
654 2330 835 2415 παρούσης,
858 2327 920 2392 κάν
938 2337 1122 2414 προνοῆσαι
1137 2346 1164 2384 20

107 2442 166 2517 τής
188 2430 265 2498 καθ’
298 2434 418 2510 αὐτοὺς
447 2434 609 2513 εὐταξίας·
632 2434 753 2516 ταύτης
780 2430 810 2495 δ’
838 2427 881 2496 αὐ
903 2433 1124 2516 ὑστεροῦντας

107 2543 277 2625 φανεροὺς
308 2542 462 2622 γίνεσθαι
492 2538 569 2625 μηδ’
602 2540 664 2605 ὅσα
695 2540 778 2624 πρὸς
808 2540 845 2603 τὸ
877 2542 1123 2625 χρησιμώτερον

110 2646 190 2731 ἡμῖν
214 2654 415 2731 συνεργοῦσι
438 2647 519 2712 κατά
542 2648 603 2730 τήν
627 2645 735 2710 αὐτῶν
760 2643 913 2724 ἐξουσίαν
936 2644 1019 2710 ἀλλά
1042 2647 1124 2711 κατὰ

108 2755 171 2837 τήν
193 2761 254 2818 τοῦ
281 2752 474 2847 κελεύοντος
502 2754 598 2838 ίσχῦν
625 2751 825 2837 ὑπουργεῖν,
857 2745 883 2840 ᾧ
907 2756 1014 2827 καλῶς
1037 2753 1125 2837 ἔχειν

109 2863 204 2950 μόνφ
221 2862 282 2944 τήν
299 2859 398 2942 τιμήν
416 2857 472 2924 καὶ
489 2861 550 2943 τήν
569 2858 779 2944 εὐχαριστίαν
793 2856 979 2943 ἀπονέμειν.
1015 2858 1126 2941 <157>
1138 2875 1165 2916 25

113 2964 156 3032 δι’
184 2968 266 3053 άπερ
287 2967 463 3032 Χαλδαίων
486 2989 520 3030 τε
543 2962 687 3031 καὶτῶν
710 2966 820 3030 άλλων
838 2968 1125 3047 Μεσοποταμιτῶν

110 3073 362 3138 στασιασάντων
388 3073 470 3157 πρὸς
498 3072 616 3155 αὐτόν,
647 3083 811 3155 μετοικεῖν
841 3070 1020 3155 δοκιμάσας
1042 3071 1126 3134 κατά

109 3179 274 3263 βούλησιν
297 3177 352 3243 καὶ
374 3179 537 3263 βοήθειαν
562 3185 622 3243 τοῦ
644 3183 729 3243 θεοῦ
751 3179 812 3262 τήν
836 3180 1028 3242 Χαναναίαν
1051 3178 1125 3261 ἔσχε

114 3292 185 3367 γῆν.
223 3284 375 3368 ἱδρυθείς
388 3283 416 3350 τ’
435 3284 555 3350 αὐτόθι
578 3285 692 3368 βωμὸν
711 3281 903 3371 ᾠκοδόμησε
922 3281 977 3347 καὶ
999 3285 1125 3347 θυσίαν

111 3388 239 3456 ἐτέλεσε
262 3399 307 3478 τῷ
331 3396 412 3479 θεῷ.
1141 3405 1167 3446 3⁰

185 3509 403 3578 §154=Gen.
423 3510 475 3566 XII
495 3518 518 3567 1.
592 3509 809 3578 §lma-Gen.
829 3509 881 3563 XII
900 3516 923 3566 6.
