2460 3848
114 143 158 195 252
477 131 752 186 ΑΡΧΔΙΟΔΟΓΙΔΣ

114 295 358 376 μεταλαβόντας
384 302 441 376 τῆς
469 291 592 377 ἀγορᾶς
614 301 674 356 τοῦ
698 294 792 356 σίτου
814 286 1016 375 προσέταξεν
1040 286 1130 354 ἀπιέ-

113 424 190 482 ναι,
221 401 378 476 κελεύσας
409 401 468 464 τὸν
495 395 661 483 ὑπηρέτην
689 396 890 482 τάργύριον,
918 396 1044 482 ὃπρὸς
1072 398 1133 480 την

115 505 206 588 ὠνὴν
229 501 296 569 είεν
319 513 380 570 τοῦ
403 507 497 569 σίτου
516 506 734 586 κεκομικότες,
756 505 868 588 κρύφα
891 513 960 579 τοῖς
983 505 1135 588 φορτίοις

79 609 257 676 ῖένθέυτα
285 609 444 675 ἀπολύειν
475 608 609 675 κάκεῖνο
638 611 840 692 κομίζοντας.
890 608 1001 692 <111>
1032 606 1087 673 καὶ
1115 607 1133 673 ὃ

115 712 177 799 μέν
204 716 244 780 τά
273 712 489 798 ἐντεταλμένα
517 716 691 799 ἔπραττεν,
718 715 754 780 οί
779 711 817 779 δὲ
835 712 995 798 Ἰακώβου
1018 716 1158 792 παῖδεςῖ

116 819 272 897 ἐλθόντες
300 821 347 897 είς
368 821 430 903 τὴν
455 823 648 885 Χαναναίαν
671 818 880 903 ἀπήγγελλον
903 829 948 908 τῷ
971 818 1072 906 πατρί
1095 821 1136 885 τά

115 927 197 991 κατά
220 928 281 1010 τὴν
304 931 479 1008 Αίγυπτον
502 925 614 1002 αὐτοῖς
637 928 864 1009 συμπεσόντα,
886 924 941 990 καὶ
965 925 1016 990 ὅτι
1038 927 1136 990 κατά-

117 1049 234 1097 σκοποι
263 1031 395 1110 δόξειαν
423 1029 565 1117 ἀφῖχθαι
592 1041 653 1096 τοῦ
682 1028 862 1114 βασιλέως,
898 1030 954 1096 καί
983 1029 1137 1114 λέγοντες

116 1137 260 1223 ἀδελφοί
286 1133 313 1201 τ’
345 1131 431 1201 εἶναι
459 1135 514 1201 καὶ
543 1140 602 1202 τὸν
631 1134 807 1201 ἑνδέκατον
835 1143 920 1201 οῖκοι
943 1140 1136 1202 καταλιπεῖν

116 1244 204 1328 παρά
218 1252 263 1330 τῷ
278 1240 377 1327 πατρὶ
391 1240 617 1326 ἀπιστηθεῖεν,
636 1243 681 1318 ὡς
694 1239 905 1307 καταλίποιέν
921 1266 955 1307 τε
970 1246 1137 1325 Συμεῶνα
1151 1255 1175 1295 1⁰

116 1349 205 1433 παρά
232 1356 278 1435 τῷ
308 1356 496 1435 στρατηγῶ,
524 1346 619 1434 μέχρι
642 1346 804 1431 Βενιαμίν
834 1348 878 1424 ὡς
901 1348 1003 1413 αὐτὸν
1027 1347 1136 1413 ἀπιὼν

117 1458 224 1530 πίστις
243 1453 331 1541 αὐτῷ
356 1465 423 1518 τῶν
442 1451 627 1540 εἰρημένων
644 1450 722 1540 παρ’
745 1453 833 1540 αὐτῷ
853 1452 997 1537 γένοιτο·
1025 1454 1137 1537 <112>

117 1560 233 1644 ἠξίουν
260 1582 294 1625 τε
322 1563 381 1625 τὸν
408 1558 531 1646 πατέρα
559 1557 664 1644 μηδὲν
691 1557 886 1645 φοβηθέντα
907 1556 1048 1642 πέμπειν
1072 1562 1137 1624 σύν

117 1667 230 1743 αὐτοῖς
257 1669 316 1731 τὸν
342 1669 530 1731 νεανίσκον.
573 1663 718 1755 Ἰακώβῳ
747 1664 778 1730 δ’
805 1662 905 1731 οὐδὲν
927 1666 1045 1749 ἤρεσκε
1068 1676 1137 1730 τῶν

117 1784 187 1849 τοῖς
205 1766 302 1847 υίοῖς
329 1769 587 1854 πεπραγμένον,
616 1770 671 1836 καί
697 1775 780 1857 πρὸς
806 1772 867 1854 τὴν
890 1775 1072 1854 Συμεῶνος
1101 1768 1138 1836 δὲ
1152 1781 1176 1823 1⁵

118 1879 261 1962 κατοχην
289 1879 443 1960 λυπηρῶς
470 1875 583 1961 φέρων
611 1876 754 1961 ἀνόητον
781 1877 892 1961 ἡγεῖτο
919 1875 1138 1962 προστιθέναι

118 1980 174 2047 καὶ
201 1985 260 2048 τὸν
287 1983 458 2063 Βενιαμίν.
504 1982 614 2065 <113>
642 1980 697 2047 καί
725 1982 743 2047 δ
774 1979 834 2065 μέν
857 1978 937 2047 οὐδὲ
955 1980 1138 2066 Ῥουβήλου

120 2084 283 2171 δεομένου
305 2084 461 2163 καὶτοὺς
490 2086 593 2154 αὑτοῦ
618 2090 739 2164 παῖδας
762 2086 1007 2170 ἀντιδιδόντος,
1037 2085 1082 2153 ἵν’
1109 2095 1144 2154 εί

121 2217 152 2259 τι
176 2195 280 2260 πάθοι
304 2191 466 2277 Βενιαμὶν
488 2195 571 2259 κατά
598 2197 659 2277 την
683 2193 886 2276 ἀποδημίαν,
914 2192 1139 2260 ἀποκτείνειεν

119 2299 241 2375 αὐτοὺς
260 2298 278 2364 ὁ
296 2299 438 2380 πάππος,
461 2301 611 2363 πείθεται
634 2307 703 2373 τοῖς
726 2300 850 2379 λόγοις·
874 2300 909 2362 οἳ
930 2294 960 2360 δ’
987 2299 1139 2385 ἠπόρουν
1152 2315 1178 2356 ιι

120 2403 173 2469 ἐπὶ
191 2415 260 2480 τοῖς
278 2416 402 2485 κακοῖς,
424 2400 480 2466 καὶ
498 2406 626 2485 μᾶλλον
645 2403 767 2479 αὐτοὺς
786 2402 937 2487 ἐτάραττε
957 2403 1139 2491 τάργύριον

120 2507 158 2572 έν
187 2520 256 2584 τοῖς
286 2511 413 2583 σακίοις
442 2516 501 2571 τοῦ
530 2510 624 2572 σίτου
651 2507 959 2592 κατακεκρυμμένον
988 2510 1139 2596 εὑρεθέν.

120 2613 230 2695 <114>
253 2622 313 2679 τοῦ
338 2609 374 2677 δὲ
405 2615 499 2679 σίτου
529 2622 589 2679 τοῦ
612 2609 830 2696 κομισθέντος
852 2613 907 2678 ὑπ’
935 2615 1045 2681 αὐτῶν
1069 2617 1140 2684 έπι-

121 2721 293 2793 λείπουτος
310 2716 366 2782 καί
383 2727 443 2782 τοῦ
462 2723 562 2803 λιμοῦ
580 2724 706 2804 μᾶλλον
727 2717 926 2804 ἁπτομένου,
944 2722 1140 2808 βιαζομένης

121 2826 223 2891 αὐτὸν
245 2833 303 2908 της
320 2821 466 2908 ἀνάγκης
485 2825 503 2891 ὁ
523 2823 675 2909 Ἰάκωβος
698 2823 874 2908 ἐκπέμπειν
899 2826 1056 2910 ἐγίνωσκε
1079 2831 1140 2895 τὸν
1153 2843 1180 2884 ²⁵

120 2929 282 3017 Βενιαμίν
301 2931 468 3015 μετὰτῶν
492 2930 659 3016 ἀδελφῶν·
682 2930 793 3014 <115>
807 2931 849 2998 οὐ
872 2934 935 3018 γάρ
959 2929 1002 3016 ἦν
1025 2933 1139 3012 αὐτοῖς

121 3040 168 3113 είς
199 3044 372 3120 Αίγυπτον
404 3036 564 3102 ἀπελθεῖν
595 3039 638 3121 μὴ
672 3038 752 3121 μετὰ
783 3049 850 3104 τῶν
883 3038 1138 3123 ἐπηγγελμένων

121 3140 373 3226 ἀπερχομένοις..
416 3141 471 3207 καὶ
507 3152 567 3208 τοῦ
602 3144 733 3220 πάθους
770 3139 832 3210 οὖν
868 3150 1019 3232 χείρονος
1054 3143 1134 3211 καθ’

122 3242 262 3328 ἑκάστην
289 3244 416 3329 ἡμέραν
445 3244 643 3330 γινομένου,
671 3247 726 3313 καὶ
753 3261 820 3314 τῶν
849 3251 934 3315 υίῶν
958 3248 1139 3335 δεομένων,

121 3350 182 3417 ούκ
206 3346 294 3436 εἶχεν
314 3351 332 3415 ὅ
351 3374 382 3416 τι
406 3355 563 3437 χρήσαιτο
586 3364 655 3429 τοῖς
677 3363 851 3436 παροῦσιν.
896 3356 1006 3439 <116>
1026 3353 1138 3423 Ἰούδα
1152 3375 1181 3415 ³⁰

192 3478 207 3538 ς
226 3477 276 3527 ιιι
293 3498 326 3519 =
342 3471 410 3530 Gen.
429 3472 505 3527 XLII
524 3479 566 3527 ιο.
