2460 3848
101 137 145 200 20
470 139 744 192 ΔΡΧΑΙΟΔΟΓΙΔΣ

100 325 165 384 νην
194 310 253 366 τοῦ
268 304 529 384 κατακλυσμοῦ,
558 303 671 382 μείνας
701 301 802 377 άλλας
830 296 909 364 ἑπτά
931 295 1054 384 ἡμέρας
1076 301 1119 364 τὰ

103 410 168 494 ζςῦα
187 415 243 489 τῆς
262 407 425 490 λάρνακος
443 404 627 489 ἐξαφίησιν,
650 406 749 484 αὐτός
767 430 801 473 τε
820 406 901 490 μετά
922 414 980 490 τῆς
1001 414 1119 488 γενεᾶς

101 512 279 597 προελθὼν
297 509 352 576 καὶ
370 511 479 588 θύσας
497 513 542 599 τῷ
560 518 630 599 θεῷ
650 525 868 599 συνευωχεῖτο
887 524 956 589 τοίς
975 513 1119 589 οἰκείοις.

102 618 327 704 ἀποβατήριον
345 615 459 700 μέντοι
476 620 535 683 τὸν
554 620 656 684 τόπον
674 629 794 686 τοῦτον
814 615 980 705 Ἀρμένιοι
997 622 1120 683 καλοῦ·

103 741 170 789 σιν·
199 723 268 789 ἐκεῖ
293 724 355 809 γάρ
383 723 613 808 ἀνασωθείσης
640 735 697 810 τῆς
723 725 887 810 λάρνακος
915 727 962 789 ἔτι
989 733 1053 790 νῦν
1084 725 1146 790 οί5

103 827 273 915 ἐπιχώριοι
294 830 335 893 τά
358 833 499 907 λείψανα
523 829 777 895 ἐπιδεικνύουσι.

68 953 84 1002 6
192 936 280 1020 <93>
303 945 363 1002 τοῦ
386 932 424 1001 δὲ
446 941 678 1021 κατακλυσμοῦ
696 936 817 1001 τούτου
840 935 894 1002 καὶ
917 946 974 1020 τῆς
997 936 1119 1021 λάρνα-

102 1065 161 1118 κος
178 1040 360 1126 μέμνηνται
377 1042 497 1118 πάντες
516 1043 552 1108 οί
566 1043 624 1119 τὰς
645 1044 849 1128 βαρβαρικάς
872 1043 1017 1128 ἱστορίας
1039 1042 1121 1107 ἀνα-

103 1151 315 1235 γεγραφότες·
345 1141 392 1212 ὧν
420 1145 489 1212 ἐστὶ
516 1145 572 1211 καὶ
598 1150 757 1233 Βηρωσὸς
785 1147 803 1213 6
832 1148 1006 1223 Χαλδαῖος.
1048 1149 1120 1232 διη-

103 1255 266 1337 γούμενος
297 1254 361 1339 γάρ
392 1254 432 1318 τά
468 1250 544 1338 περὶ
576 1257 635 1319 τὸν
667 1255 898 1337 κατακλυσμὸν
935 1254 1031 1320 ούτω·
1052 1275 1119 1320 που
1136 1273 1162 1312 10

104 1358 252 1438 διέξεισι·
281 1356 424 1442 (λέγεται
452 1356 489 1423 δὲ
515 1357 570 1424 καὶ
597 1369 657 1426 τοῦ
683 1362 802 1426 πλοίου
831 1360 868 1426 ἐν
897 1369 936 1446 τῇ
965 1357 1121 1449 Ἀρμενίᾳ

103 1468 186 1551 πρὸς
207 1475 252 1553 τῷ
277 1466 348 1550 όρει
370 1476 437 1530 τῶν
460 1467 662 1551 Κορδυαίων
692 1467 739 1530 ἔτι
762 1465 861 1551 μέρος
882 1490 914 1532 τι
937 1461 1038 1551 εἶναι,
1065 1466 1121 1532 καὶ

103 1575 248 1658 κομίζειν
266 1573 359 1649 τινάς
375 1580 433 1656 τῆς
452 1570 623 1656 ἀσφάλτου
646 1570 879 1658 ἀφαιροῦντας.
916 1584 1059 1659 χρῶνται
1082 1569 1121 1638 δὲ

104 1679 244 1763 μάλιστα
271 1679 307 1745 οί
333 1679 509 1764 ἀνθρωποι
535 1685 580 1765 τῷ
609 1675 812 1767 κομιζομένῳ
835 1680 918 1764 πρὸς
939 1681 1018 1754 τοὺς
1040 1676 1122 1744 ἀπο-

103 1782 351 1871 τροπιασμούς.’
388 1782 474 1866 <94>
497 1781 657 1868 μέμνηται
682 1780 718 1849 δὲ
745 1785 874 1849 τούτων
897 1781 951 1848 καὶ
970 1781 1121 1866 Ἱεράνυ-
1136 1801 1162 1842 1⁵

105 1913 165 1974 μος
188 1890 206 1954 6
230 1889 428 1971 Αἰγύπτιος,
452 1888 470 1953 6
494 1889 555 1971 τὴν
580 1886 815 1974 ἀρχαιολογίαν
837 1891 899 1972 τὴν
924 1892 1122 1974 Φοινικικὴν

105 1994 397 2081 συγγραψάμενος,
426 1991 481 2058 καὶ
510 1993 670 2072 Μνασέας
700 1992 737 2060 δὲ
764 1993 820 2060 καὶ
852 1997 948 2061 ἀλλοι
977 1999 1121 2074 πλείους.

105 2098 160 2166 καὶ
182 2104 350 2177 Νικόλαος
374 2097 411 2165 δὲ
435 2101 453 2167 6
478 2103 701 2186 Δαμασκηνὸς
724 2100 760 2166 ἐν
783 2111 822 2187 τῇ
846 2101 1043 2186 ἐνενηκοστῇ
1066 2101 1122 2167 καὶ

105 2205 180 2293 ἕκτη
203 2211 309 2294 βίβλῳ
344 2209 469 2293 ίστορεῖ
493 2205 568 2293 περὶ
598 2207 724 2291 αὐτῶν,
752 2206 860 2292 λέγων
883 2208 1000 2284 ούτως·
1033 2207 1120 2291 <95>

105 2311 208 2378 (ἔστιν
234 2309 318 2397 ὑπὲρ
342 2315 402 2396 την
424 2314 585 2378 Μιλυάδα
608 2312 691 2397 μέγα
714 2315 791 2397 όρος
813 2315 895 2378 κατά
918 2316 979 2397 τὴν
1008 2311 1122 2399 Ἀρμε-
1136 2333 1162 2371 20

105 2420 198 2499 νέαν,
225 2420 328 2501 Βάρις
355 2418 550 2500 λεγόμενον,
579 2419 626 2494 είς
661 2418 678 2482 6
711 2420 855 2494 πολλοὺς
887 2422 1122 2503 συμφυγόντας

107 2519 159 2586 ε’πὶ
178 2531 238 2586 τοῦ
256 2525 488 2605 κατακλυσμοῦ
507 2524 605 2604 λόγος
623 2524 689 2607 ἔχει
707 2529 947 2608 περισωθῆναι,
969 2527 1027 2589 καί
1047 2548 1121 2590 τινα

106 2624 159 2692 ἐπὶ
193 2626 355 2712 λάρνακος
382 2626 567 2711 ὀχούμενον
600 2626 653 2693 ἐπὶ
681 2631 741 2713 τὴν
768 2628 953 2717 ἀκρώρειαν
984 2631 1121 2715 ὀκεῖλαι,

106 2731 160 2798 καὶ
184 2733 223 2798 τά
243 2734 382 2809 λείψανα
400 2743 467 2797 τῶν
486 2731 595 2811 ξύλων
615 2732 668 2799 ἐπὶ
686 2737 771 2802 πολὺ
791 2743 953 2820 σωθῆναι.
989 2734 1119 2820 γένοιτο

107 2836 137 2904 δ’
165 2838 207 2904 ἀν
227 2833 323 2915 οὗτος
341 2837 456 2903 ὅντινα
470 2837 524 2904 καὶ
537 2844 687 2924 Μωυσῆς
709 2838 896 2927 ἀνέγραψεν
915 2843 933 2909 6
949 2839 1121 2908 Ἰουδαίων
1136 2861 1162 2902 ει

106 2943 311 3030 νομοθέτης.’

73 3068 88 3116 7
198 3051 285 3136 <96>
304 3053 421 3130 Νάεος
440 3049 477 3118 δὲ
495 3055 704 3138 φοβούμενος
722 3055 766 3137 μη
789 3051 867 3118 καθ’
890 3054 1027 3120 ἕκαστον
1051 3057 1123 3132 ἔτος

108 3154 263 3242 ἐπικλύζῃ
286 3158 347 3240 τὴν
370 3167 433 3242 γην
453 3159 471 3225 6
492 3162 584 3241 θεός,
606 3160 742 3244 φθοράν
765 3158 955 3246 ἀνθρώπων
978 3171 1123 3244 καταψη-

108 3261 305 3347 φισάμενος,
334 3262 436 3346 ίερεῖα
458 3265 582 3341 καύσας
605 3264 710 3330 ἐδεῖτο
732 3273 792 3330 τοῦ
816 3270 934 3331 λοιποῦ
956 3267 1015 3331 τὸν
1038 3269 1122 3332 θεὸν

109 3365 161 3433 ἐπὶ
183 3375 240 3450 τῆς
261 3367 392 3451 πρώτης
414 3367 527 3453 μένειν
549 3368 708 3453 εάταξίας,
730 3367 785 3434 καὶ
809 3367 913 3454 μηδὲν
936 3372 983 3435 ἔτι
1005 3382 1122 3438 τοσοῦ-
1136 3392 1163 3432 ιο

82 3553 86 3562 ¹
181 3487 381 3556 §92=Gen.
399 3487 465 3542 VIII
486 3498 526 3547 13.
