2460 3848
98 151 165 218 104
471 150 744 203 εεαειοιοειεε

99 320 180 400 λῶν,
202 311 258 380 καὶ
276 315 404 399 μακρὸν
423 313 527 377 αίῶνα
546 322 611 376 τῶν
632 320 701 375 σῶν
724 308 872 392 ἐκγόνων
895 308 932 373 ἐν
954 308 1118 395 ἡγεμονίᾳ

98 420 154 486 καὶ
177 420 258 506 δόξη
281 413 528 500 καταγγέλλων,
551 419 764 500 καταστήσων
786 411 814 480 τ’
842 414 962 490 αὐτοὺς
984 414 1031 490 είς
1054 414 1118 496 τὴν

100 537 164 611 γήν
186 526 229 609 ἣν
251 519 462 608 ὑπέσχημαι]

63 651 81 698 4
165 629 276 714 <176>
298 629 405 716 τούτῳ
427 629 600 714 θαρρήσας
622 636 668 715 τῶ
693 627 839 713 ὀνείρατι
861 628 1119 712 προθυμότερον

99 739 147 813 είς
173 736 234 818 τὴν
256 739 429 817 Αίγυπτον
457 737 520 800 σὺν
547 746 616 812 τοῖς
641 735 729 811 υίοῖς
756 732 812 800 καὶ
834 730 928 799 παισὶ
951 741 1020 808 τοῖς
1041 732 1147 796 tofi-⁵

100 865 167 908 των
200 839 430 925 ἀπηλλάττετο.
481 835 567 924 ήσαν
600 836 630 905 δ’
667 841 703 907 οί
731 841 850 916 πάντες
882 836 1120 922 ἑβδομήκοντα.

100 950 141 1014 τά
164 943 225 1032 μὲν
247 941 311 1014 οὖν
334 946 480 1032 ὀνόματα
508 949 656 1031 δηλῶσαι
678 948 805 1013 τούτων
829 946 890 1011 οὐκ
913 945 1121 1028 ἐδοκίμαζον,

101 1052 156 1120 καὶ
179 1053 319 1138 μάλιστα
338 1054 394 1118 διά
413 1055 474 1138 τήν
493 1055 674 1119 δυσκολίαν
697 1053 819 1118 αὐτῶν·
845 1052 955 1135 <17ῖ>
968 1052 1024 1116 ἵνα
1042 1048 1120 1133 μέν·

102 1184 154 1226 τοι
175 1162 374 1247 παραστήσω
404 1170 473 1238 τοῖς
496 1159 556 1245 οὐχ
578 1159 875 1243 ὑπολαμβάνουσιν
897 1158 982 1241 ἡμᾶς
1004 1155 1040 1221 ἐκ
1063 1165 1121 1240 τῆς

102 1269 359 1350 Μεσοποταμίας
382 1263 455 1331 ἀλλ’
482 1267 687 1349 Αἰγυπτίους
709 1262 812 1347 εἶναι,
835 1263 1017 1347 ἀναγκαῖον
1039 1262 1120 1346 ἡγη-
1136 1282 1163 1322 10

104 1373 213 1457 σάμην
240 1378 432 1456 μνησθῆναι
459 1383 526 1437 τῶν
553 1371 736 1455 ὀνομάτων.
779 1367 937 1455 Ἰακώβου
965 1366 1026 1453 μὲν
1057 1365 1122 1436 οὖν

103 1481 219 1556 παῖδες
240 1474 326 1562 ἦσαν
346 1480 488 1544 δώδεκα·
512 1480 639 1544 τούτων
659 1475 816 1561 Ἰώσηπος
837 1477 901 1560 ήδη
925 1487 1121 1562 προαφῖκτο.

104 1589 182 1663 τοὺς
213 1580 276 1652 οὖν
304 1581 373 1670 μετ’
405 1585 507 1651 αὐτὸν
539 1583 594 1650 καὶ
620 1587 698 1662 τοὺς
726 1583 763 1650 ἐκ
792 1584 920 1650 τούτων
942 1586 1123 1665 γεγονότας

105 1693 308 1776 δηλώσομεν.
353 1692 463 1776 <178>
480 1689 661 1775 Ῥουβήλου
684 1687 745 1775 μὲν
767 1686 853 1775 ήσαν
875 1690 990 1766 παῖδες
1013 1686 1123 1754 τέττα-

106 1821 172 1884 ρες,
192 1795 335 1884 Ἀνῶχης
355 1803 509 1874 Φαλλοῦς
528 1793 698 1883 Ἀσσάρων
718 1797 855 1882 Χάρμις,
878 1801 1060 1879 Συμεῶνος
1084 1791 1123 1860 δὲ
1137 1813 1164 1854 15

106 1903 152 1988 ἕξ,
166 1901 358 1989 Ἰαμοόηλος
373 1900 533 1986 Ἰάμεινος
547 1899 681 1980 Ἰάωδος
696 1899 851 1988 Ἰάχεινος
864 1905 996 1988 Σόαρος
1014 1903 1124 1969 Σάου-

107 2015 173 2087 λος.
218 2022 304 2096 τρεῖς
328 2005 365 2075 δέ
383 2006 467 2074 Λευὶ
490 2011 668 2092 γεγόνασιν
686 2011 767 2092 υίοί,
790 2012 823 2074 Γ
818 2012 966 2094 ηρσόμης
984 2009 1125 2087 Κάαθος

106 2117 291 2202 Μαράριος.
333 2114 444 2203 Ἰούδᾳ
462 2111 500 2180 δὲ
518 2116 632 2193 παῖδες
653 2111 738 2200 ἦσαν
761 2127 859 2201 τρεῖς,
883 2119 995 2192 Σαλᾶς
1015 2116 1125 2202 Φάρε-

108 2241 166 2300 σος
199 2223 328 2308 Ζάρας,
364 2221 482 2288 υίωνοὶ
514 2218 552 2287 δὲ
588 2223 650 2288 δύο
683 2227 855 2306 γεγονότες
887 2221 924 2287 έκ
956 2220 1125 2308 Φαρέσου,

101 2327 268 2414 Ἕσρωνος
286 2329 341 2395 καὶ
356 2327 509 2415 ’Ἀμυρος
552 2325 724 2415 Ἰσαχάρου
748 2325 786 2394 δὲ
808 2327 968 2414 τέτταρες,
993 2332 1126 2407 (δουλοῖς
1139 2347 1167 2387 20

110 2440 225 2512 Φουᾶς
243 2431 412 2519 Ἰάσουβος
435 2435 650 2520 Σαμάρωνος.
695 2435 804 2519 <179>
823 2445 910 2520 τρεῖς
933 2431 970 2499 δὲ
994 2438 1126 2518 Ζαβου-

109 2543 178 2607 λὼν
195 2535 277 2624 ήγεν
294 2541 401 2623 υίούς,
420 2540 579 2626 Σάραδον
590 2538 726 2606 Ἥλωνα
741 2538 901 2624 Ἰάληλον.
946 2550 1044 2607 τοῦτο
1063 2536 1126 2624 μὲν

109 2649 146 2713 τὸ
177 2645 213 2711 ἐκ
242 2648 344 2723 Λείας
372 2645 487 2729 γένος,
515 2644 572 2713 καὶ
599 2647 681 2731 αὐτή
710 2644 870 2733 συνανῄει
893 2645 949 2711 καί
970 2646 1126 2733 θυγάτηρ

111 2753 211 2836 αὐτῆς
233 2756 348 2816 Δεῖνα.
394 2763 480 2836 τρεῖς
503 2747 597 2818 οὗτοι
620 2751 674 2818 καὶ
697 2753 882 2837 τριάκοντα.
928 2752 1038 2834 <180>
1055 2748 1127 2816 Ῥα-

110 2862 212 2947 χήλας
241 2853 279 2923 δὲ
307 2857 423 2934 παῖδες
449 2852 535 2941 ήσαν
558 2860 633 2923 δύο·
661 2860 788 2925 τούτων
807 2855 954 2946 Ἰωσήπῳ
977 2853 1038 2941 μὲν
1063 2858 1127 2924 δύο
1141 2875 1168 2917 ιε

112 2966 309 3051 ἐγεγόνεσαν
337 2964 423 3047 υίοί,
454 2967 638 3048 Μανασσῆς
666 2962 722 3029 καὶ
741 2962 937 3050 Ἐφραῑμης,
964 2961 1127 3047 Βενιαμίν

113 3069 151 3138 δέ
164 3081 209 3160 τῷ
230 3071 330 3159 ἑτέρῳ
348 3067 438 3152 δέκα,
451 3072 602 3155 Βολοσὸρ
616 3070 789 3155 Βακχάρης
802 3066 983 3154 Ἀσάβηλος
996 3072 1029 3134 Γ
1024 3071 1128 3154 ήραος

112 3178 305 3261 Ναιεμάνης
323 3175 392 3259 Ἰης
414 3172 491 3251 Ῥῶς
521 3179 660 3260 Μόμφις
685 3172 815 3253 Ὀπταίς
835 3174 987 3261 ’Ἁραδος
1033 3170 1129 3242 οὗτοι

112 3283 402 3368 τετταρεσκαίδεκα
425 3284 507 3367 πρὸς
524 3294 593 3360 τοῖς
610 3285 772 3370 πρότερον
794 3279 1057 3367 κατειλεγμένοις
1080 3285 1129 3359 είς

109 3385 193 3453 ἑπτά
214 3385 271 3452 καὶ
300 3387 536 3475 τετταράκοντα
560 3392 709 3473 γίνονται
732 3392 791 3454 τὸν
814 3388 970 3476 άριθμόν.
1016 3389 1129 3473 <181>
1142 3408 1170 3448 ω

159 3512 180 3572 §
197 3513 257 3564 176
270 3534 308 3555 =
325 3510 395 3570 Gen.
416 3511 509 3570 XLVI
527 3520 553 3571 5.
