2460 3848
141 129 183 194 '¹18
505 130 779 183 ΔΡΧΑΙΟΛΟΙἾΑΣ

140 291 228 376 <37>
247 289 402 376 Ἰάκωβος
425 288 456 355 δ’
484 289 537 356 ἐπλ
567 289 784 377 κουφοτέραις
807 289 854 355 ὢν
878 288 1008 355 ἐλπίσιν
1032 291 1077 367 ὡς
1100 291 1158 375 ῆν-

140 396 408 484 δραποδισμένου
438 398 544 479 δῆθεν
574 396 663 483 αὐτῷ
693 406 754 461 τοῦ
781 397 917 479 παιδός,
944 405 1065 461 τοῦτον
1095 393 1158 480 μὲν

139 501 257 588 ἀφίησι
286 506 346 568 τὸν
373 506 555 586 λογισμόν,
586 505 698 567 πίστιν
726 499 757 566 δ’
790 503 893 567 αὐτοῦ
920 512 978 585 τῆς
1004 507 1159 586 τελευτῆς

139 608 261 695 ἐναργῆ
280 611 339 674 τὸν
358 619 480 694 χιτῶνα
500 609 679 692 ὑπολαβών
704 606 773 694 (καὶ
791 610 854 695 γάρ
874 607 1055 694 ἐγνώρισεν
1075 606 1157 673 ἐκεῖ·

138 737 201 779 νον
225 715 327 780 αὐτὸν
351 713 390 779 ὃν
419 712 643 797 ἐνδεδυμένον
671 712 828 798 ἐκπέμποι
855 716 938 800 πρὸς
959 716 1038 789 τοὺς
1060 712 1187 779 ἀδελ-ο

138 816 255 906 φούς),
282 820 327 896 ὡς
350 817 403 884 ἐπὶ
425 828 531 907 νεκρῷ
555 822 593 885 τὸ
616 821 734 885 λοιπὸν
758 819 845 884 οὕτω
869 817 1008 884 διέκειτο
1033 817 1087 884 ἐπὶ
1110 829 1155 908 τῷ

138 928 296 1015 μειρακίῳ
328 932 473 992 πενθῶν.
519 925 606 1010 <38>
633 923 688 990 καλ
716 926 760 1001 ὡς
789 922 863 1002 ἐνὸς
890 927 996 1012 πατῆρ
1025 927 1072 991 ὢν
1100 926 1157 992 καὶ

138 1040 195 1115 τῆς
212 1030 245 1109 ἐξ
265 1034 376 1097 ἄλλων
394 1035 608 1119 παραμυθίας
629 1029 855 1117 ἐστερημένος,
878 1032 983 1107 οὕτως
1000 1027 1043 1114 ῆν
1066 1035 1156 1119 παρὰ

138 1146 183 1224 τῷ
206 1145 316 1225 κακῷ,
348 1136 428 1223 πρὶν
456 1137 476 1221 ῆ
504 1149 573 1213 τοῖς
600 1136 758 1222 ἀδελφοῖς
781 1141 984 1221 συμβαλεῖν,
1017 1138 1155 1216 είκάζων

137 1243 203 1308 ὑπὸ
226 1247 357 1329 θηρίων
377 1241 537 1328 Ἰώσηπον
556 1242 667 1328 ἀφανῆ
691 1242 874 1325 γεγονέναι.
921 1242 1092 1321 ἐκαθέζετο
1117 1241 1155 1310 δέ
1169 1261 1196 1301 10

69 1342 73 1349 ’
139 1352 255 1414 σακίον
280 1349 486 1433 ἐναψάμενος
512 1346 567 1413 καλ
589 1358 629 1434 τῆ
653 1350 740 1435 λύπη
763 1351 882 1436 βαρύς,
914 1349 958 1426 ὡς
980 1347 1061 1433 μήθ’
1088 1350 1154 1416 ὑπὸ

137 1457 268 1520 παίδων
299 1456 582 1542 παρηγορούντων
614 1455 717 1520 αὐτὸν
750 1453 856 1542 ῥᾴονα
888 1454 1046 1539 γενέσθαι
1075 1458 1154 1539 μῆτε

138 1561 306 1646 κάμνοντα
329 1574 398 1638 τοῖς
419 1564 537 1637 πόνοις
560 1560 789 1647 ἀπαγορεύειν.

102 1670 124 1732 4
204 1669 292 1753 <39>
315 1667 476 1753 Ἰώσηπον
505 1663 542 1731 δέ
569 1668 786 1751 πωλούμενον
813 1668 878 1732 ὑπὸ
905 1679 972 1732 τῶν
1000 1666 1155 1754 ἐμπόρων

138 1773 351 1859 ὠνησάμενος
373 1779 562 1859 Πετεφρῆς,
590 1772 675 1857 ἀνὴρ
699 1774 881 1856 Αἰγύπτιος
909 1770 962 1837 ἐπλ
989 1783 1056 1837 τῶν
1086 1777 1195 1838 (Da-1⁵

138 1880 275 1962 ραώθου
299 1883 466 1965 μαγείρων
489 1887 549 1944 τοῦ
572 1877 750 1961 βασιλέως,
773 1874 860 1964 εἶχεν
885 1878 921 1942 ἐν
945 1877 1053 1964 άπάση
1077 1888 1155 1975 τιμῆ

137 1982 192 2048 καλ
214 1987 368 2051 παιδείαν
395 2009 430 2050 τε
457 1986 519 2068 τῆν
549 1982 744 2069 ἐλευθέριον
768 1983 937 2067 ἐπαίδευε,
965 1982 1020 2048 καλ
1044 1986 1155 2072 διαίτη

137 2093 325 2176 χρήσασθαι
347 2095 516 2179 ’κρείττονι
544 2098 601 2173 τῆς
630 2087 683 2154 ἐπὶ
707 2090 817 2178 δούλω
841 2091 941 2175 τύχης
964 2088 1154 2176 ἐπέτρεπεν·

137 2194 307 2284 ἐγχειρίζει
330 2222 364 2263 τε
387 2199 449 2281 τῆν
473 2208 539 2262 τῶν
562 2197 644 2261 κατὰ
667 2198 726 2262 τὸν
750 2192 844 2262 οἷκον
868 2196 957 2283 αὐτῷ
981 2200 1154 2280 πρόνοιαν.

136 2304 225 2388 <40>
244 2304 261 2369 ὃ
281 2301 318 2369 δέ
337 2305 465 2369 τούτων
484 2300 508 2368 τ’
527 2301 681 2384 ἀπέλαυε,
704 2300 759 2367 καὶ
777 2303 839 2384 τῆν
862 2301 995 2386 άρετῆν,
1016 2302 1087 2384 ῆτις
1110 2300 1154 2387 ῆν
1169 2321 1195 2362 ω

135 2406 210 2493 περὶ
224 2410 338 2492 αὐτόν,
362 2406 435 2474 οὐδ’
452 2408 518 2472 ὑπὸ
532 2418 590 2491 τῆς
609 2410 790 2491 μεταβολῆς
808 2406 1048 2491 ἐγκατέλειπεν,
1067 2407 1153 2473 ἀλλά

137 2511 275 2591 διέδειξε
294 2516 332 2579 τὸ
351 2518 506 2598 φρόνημα
524 2524 657 2596 κρατεῖν
676 2522 742 2576 τῶν
762 2510 798 2575 ἐν
820 2521 865 2599 τῷ
891 2517 954 2602 βίφ
978 2515 1153 2580 δυσκόλων

137 2618 326 2702 δυνάμενον
354 2611 404 2696 οἷς
427 2618 468 2683 ἀν
491 2627 578 2702 παρῆ
602 2621 746 2701 γνησίως
768 2615 823 2681 καὶ
847 2620 890 2701 μῆ
914 2621 997 2703 πρὸς
1019 2621 1076 2696 τάς
1099 2621 1154 2684 εὐ-

101 2743 116 2790 2
136 2729 276 2810 πραγίας
290 2727 347 2802 τὰς
360 2726 441 2790 κατὰ
460 2727 577 2811 καιρὸν
596 2729 700 2808 μόνον
719 2722 938 2810 ἡρμοσμένον.
985 2725 1072 2809 <41>
1096 2736 1154 2808 τῆς

136 2833 198 2918 γάρ
222 2841 281 2898 τοῦ
305 2834 468 2898 δεσπότου
492 2833 649 2914 γυναικὸς
672 2830 728 2895 διά
750 2852 784 2895 τε
803 2832 864 2914 τῆν
887 2831 1073 2916 εὐμορφίαν
1097 2832 1153 2898 καὶ
1168 2850 1193 2890 2⁵

136 2940 198 3022 τῆν
224 2938 299 3026 περὶ
327 2940 384 3017 τὰς
411 2937 543 3023 πράξεις
570 2938 673 3004 αὐτοῦ
702 2935 870 3022 δεξιότητα
894 2938 1057 3023 ἐρωτικῶς
1080 2940 1153 3003 δια-

135 3051 298 3131 τεθείσης,
321 3044 376 3112 καὶ
394 3045 601 3129 νομιζούσης,
625 3047 656 3109 εί
672 3047 841 3127 ποιῆσειεν
860 3044 948 3130 αὐτῷ
967 3053 1065 3109 τοῦτο
1089 3070 1152 3129 φα-

135 3154 248 3235 νερόν,
271 3152 394 3238 ῥᾳδίως
411 3155 538 3217 πείσειν
557 3151 660 3216 αὐτὸν
681 3153 728 3226 είς
751 3150 884 3233 ὁμιλίαν
909 3149 1033 3234 ἐλθεῖν,
1057 3151 1151 3215 εὐτύ-

135 3279 223 3339 χημα
249 3257 460 3343 ἡγησάμενον
487 3260 524 3322 τὸ
552 3258 612 3339 τῆν
640 3255 819 3321 δέσποιναν
849 3256 952 3322 αὐτοῦ
976 3257 1151 3340 δεηθῆναι,

136 3360 224 3447 <42>
253 3365 309 3427 καί
337 3367 419 3450 πρὸς
450 3367 487 3430 τὸ
520 3373 627 3448 σχῆμα
653 3370 710 3445 τῆς
739 3365 811 3426 τότε
835 3364 987 3439 δουλείας
1009 3359 1081 3426 ἀλλ’
1109 3363 1150 3428 οὐ
1165 3381 1192 3420 30

209 3488 223 3549 ἕ
239 3488 272 3537 37
289 3509 322 3530 =
337 3485 404 3540 Gen.
425 3484 553 3539 XXXVII
571 3490 613 3539 33.
