2460 3848
124 126 190 191 274
491 128 765 180 ΑΡΧΔΙΟΛΟΓΙΑΣ

123 287 210 354 οὑτω
232 298 295 356 τοῦ
321 295 407 357 θεοῦ
433 286 743 374 προϋπεσχημένου,
771 291 1021 375 τεθαρρηκότας
1045 313 1156 375 παρα-

123 393 229 474 δόξως
252 394 366 483 ἑώρων
388 397 466 471 τοὺς
487 397 676 479 πολεμίους.
722 394 777 460 καὶ
801 395 920 472 σάκους
945 395 1156 477 ἐπενδύντες

122 513 194 580 ταῖς
226 507 357 578 στολαῖς
387 496 431 564 δι’
463 499 542 583 ὅλης
568 509 625 584 τῆς
656 498 779 587 ήμέρας
805 499 842 566 ἐν
870 502 1035 586 δακρύοις
1064 500 1156 589 ἦσαν

123 607 179 675 καὶ
206 607 342 692 πένθει,
371 614 495 691 τροφῆς
525 607 686 691 οὐδεμίαν
717 606 904 692 ἐπιζήτησιν
932 611 1155 696 ποιούμενοι,

70 729 104 778 18
123 717 279 799 μειζόνως
292 709 330 777 δέ
343 713 381 778 τὸ
395 716 603 797 συμβεβηκὸς
616 708 707 798 εἶχον
726 713 917 799 άχθόμενοι.
965 714 1060 800 <38>
1076 717 1177 802 βλέ-ε

122 841 194 885 πων
218 815 248 882 δ’
276 816 382 894 οὑτως
409 818 427 884 ὁ
452 814 580 901 Ἰησοῦς
606 821 667 903 τήν
694 843 728 884 τε
757 821 913 905 στρατιάν
936 829 1154 908 καταπεπλη-

122 935 221 1008 γυῖαν
252 922 307 988 καὶ
339 922 416 1011 περὶ
447 936 514 990 τῶν
547 925 636 990 ὅλων
664 927 814 1012 πονηράν
840 928 905 1010 ήδη
932 927 994 1010 τήν
1026 929 1153 996 ἐλπίδα

121 1030 379 1115 λαμβάνουσαν,
416 1035 604 1118 παρρησίαν
641 1032 801 1116 λαμβάνει
837 1035 919 1119 πρὸς
950 1035 1011 1098 τὸν
1052 1039 1151 1102 θεόν.

122 1137 210 1221 <39>
235 1137 359 1222 (ἡμεῖς’
383 1138 446 1225 γάρ
471 1133 562 1203 εἶπεν
586 1137 663 1224 ὀὐχ
686 1134 742 1203 ὑπ’
765 1138 946 1215 αὐθαδείας
969 1144 1151 1228 προήχθη-

120 1267 183 1327 μεν
213 1245 295 1310 ὥστε
327 1245 451 1328 ταύτην
478 1243 708 1329 ὑπαγαγέσθαι
738 1255 807 1322 τοῖς
837 1245 950 1322 ὅπλοις
980 1247 1046 1329 τὴν
1072 1259 1150 1333 γῆν,
1164 1267 1186 1307 ιο

120 1347 205 1415 ἀλλά
228 1348 392 1427 Μωυσέος
414 1360 474 1417 τοῦ
502 1362 566 1417 σοῦ
589 1352 714 1416 δούλου
736 1354 819 1437 πρὸς
840 1349 937 1418 τοῦθ’
963 1353 1055 1436 ἡμᾶς
1080 1353 1150 1433 ἐξε-

120 1459 310 1543 γείραντος,
326 1450 365 1545 ιβ
391 1458 447 1522 διὰ
470 1462 604 1523 πολλῶν
626 1461 811 1543 τεκμηρίων
835 1456 1043 1542 ἐπηγγέλλου
1070 1464 1149 1544 κτή-

121 1569 245 1628 σασθαι
268 1559 421 1647 παρέξειν
439 1562 519 1647 ἡμῖν
537 1564 637 1646 τήνδε
660 1563 721 1646 τήν
740 1571 814 1647 γῆν,
836 1561 891 1628 καὶ
913 1565 972 1629 τὸν
997 1569 1148 1650 στρατὸν
1168 1623 1172 1630 .

119 1668 215 1754 ήμῶν
244 1667 296 1734 ἀεὶ
325 1679 392 1734 τῶν
422 1671 590 1753 πολεμίων
619 1671 771 1753 ποιήσειν
798 1680 867 1747 τοῖς·
895 1670 1010 1746 ὅπλοις
1032 1677 1148 1757 κρείτ-

119 1798 210 1840 τονα.
256 1776 343 1860 <40>
369 1775 444 1840 τινὰ
471 1769 532 1857 μὲν
561 1768 623 1838 οὑν
651 1775 732 1839 κατὰ
762 1776 820 1853 τάς
843 1773 1036 1860 ὑποσχέσεις
1061 1777 1147 1864 ἡμῖν
1162 1798 1185 1839 15

119 1879 285 1966 ἀπήντησε
309 1881 366 1957 τάς
389 1880 460 1955 σάς·
489 1889 552 1944 νῦν
577 1875 613 1944 δέ
636 1881 724 1965 παρὰ
748 1880 850 1959 δόξαν
874 1880 1065 1959 ἐπταικότες
1089 1885 1147 1951 καὶ

119 1997 176 2072 τῆς
207 1988 378 2071 δυνάμεως
404 2009 497 2062 τινας
524 1984 763 2070 ἀποβαλόντες,
798 1986 854 2051 ἐπί
878 2011 912 2051 τε
940 1988 1075 2066 τούτοις
1101 1994 1147 2070 ὡς

120 2092 161 2158 οὑ
188 2096 334 2178 βεβαίων
365 2102 432 2156 τῶν
460 2092 548 2177 παρὰ
576 2102 638 2158 σοῦ
665 2090 720 2157 καὶ
749 2087 797 2159 ὧν
823 2105 958 2180 προεῖπε
986 2098 1146 2182 Μωυσῆς

119 2196 313 2284 ἀχθόμεθα,
344 2195 399 2263 καὶ
431 2208 544 2284 χεῖρον
571 2199 591 2282 ή
615 2210 683 2264 τῶν
713 2203 903 2283 μελλόντων
935 2197 1026 2276 ἐλπὶς
1053 2201 1146 2286 ἡμᾶς

120 2302 199 2392 ἀνιᾷ
217 2314 256 2392 τή
269 2304 382 2390 πρώτη
401 2307 498 2392 πείρᾳ
516 2305 651 2392 τοιαύτη
671 2310 903 2391 συντυχόντας.
950 2306 1035 2389 <41>
1051 2305 1143 2374 άλλὰ
1157 2331 1183 2370 εο

121 2412 180 2497 σύ,
208 2410 350 2477 δέσποτα
377 2411 533 2496 (δύναμις
560 2411 623 2496 γάρ
651 2429 704 2478 σοι
735 2415 862 2478 τούτων
886 2419 975 2477 ίασιν
998 2412 1144 2503 εὑρεῖν),

119 2521 158 2584 τό
181 2542 215 2584 τε
237 2518 344 2602 παρὸν
367 2516 461 2600 ἡμῶν
485 2520 651 2602 λυπηρόν,
673 2522 771 2601 νίκην
793 2522 1057 2604 παρασχόμενος,
1081 2521 1142 2586 καὶ

119 2625 157 2689 τὸ
175 2621 252 2709 περὶ
270 2633 337 2688 τῶν
356 2617 456 2699 αὖθις
479 2622 618 2688 δύσελπι
642 2625 851 2707 διακείμενον
875 2623 961 2688 οὑτω
985 2631 1041 2705 τῆς
1065 2625 1141 2690 διοι-

67 2745 102 2793 14
120 2733 214 2806 νοίας
227 2727 341 2808 ἐξελε.’
379 2729 465 2812 <42>
485 2724 665 2812 ταῦταμὲν
685 2727 812 2813 Ἰησοῦς
831 2727 883 2794 ἐπὶ
902 2733 1006 2813 στόμα
1023 2733 1141 2796 πεσὼν

119 2839 178 2903 τὸν
206 2839 290 2902 θεὸν
318 2833 453 2900 ίκέτευε·
484 2838 745 2920 χρηματίσαντος
777 2832 808 2899 δ’
845 2834 1044 2901 ἀνίστασθαι
1074 2849 1139 2905 τοῦ
1154 2859 1181 2899 εε

119 2951 205 3010 θεοῦ
223 2940 278 3008 καὶ
291 2945 467 3028 καθαίρειν
486 2943 545 3006 τὸν
559 2943 699 3027 στρατὸν
718 2941 898 3026 μιάσματος
917 2940 954 3007 ἐν
973 2942 1062 3029 αὐτῷ
1082 2966 1139 3024 γε-

120 3053 258 3133 γονότος
279 3054 403 3132 κλοπής
421 3071 454 3113 τε
478 3058 544 3113 τῶν
567 3047 823 3135 καθιερωμένων
847 3031 944 3135 αὐτῷ’
958 3048 1139 3134 χρημάτων

120 3153 362 3240 τετολμημένης
392 3153 462 3240 (διὰ
494 3155 556 3239 γάρ
588 3164 689 3220 ταῦτα
719 3156 780 3239 τήν
809 3164 874 3221 νῦν
897 3155 1010 3231 αὐτοῖς
1033 3150 1138 3238 ήτταν

120 3274 312 3347 συμπεσεῖν,
335 3257 596 3344 ἀναζητηθέντος
615 3257 651 3325 δέ
670 3271 730 3326 τοῦ
753 3261 937 3346 δράσαντος
960 3259 1013 3326 καὶ
1037 3267 1136 3326 κολα-

120 3368 261 3445 σθέντος
287 3371 385 3452 νίκην
412 3367 525 3443 αὑτοῖς
552 3364 603 3431 ἀεὶ
629 3370 823 3452 πορίζεσθαι
851 3378 917 3432 τῶν
939 3368 1135 3453 πολεμίων),
1150 3389 1179 3429 εο

191 3487 490 3557 §38=Ios.V117.
