2460 3848
541 130 668 183 ΠΡΩΤΗ
1068 131 1112 196 45

95 295 218 381 μένοις,
241 293 296 359 καὶ
311 298 527 379 συμβαλοῦσα
544 291 677 378 ποιμέσι
696 293 752 357 διὰ
770 293 831 376 τήν
855 291 888 370 ἐξ
912 292 1021 358 αὐτῶν
1045 291 1114 357 ἐπι-

95 401 230 486 μέλειαν
245 400 419 485 διαφεύγει
432 399 490 475 τδις
503 401 733 483 ταλαιπωρίας.
779 399 889 481 <220>
904 397 1114 483 ἀνδρωθέντι
1132 416 1149 464 4

96 511 138 592 δή
153 517 198 596 τῷ
213 504 309 573 παιδὶ
323 507 464 589 γύναιον
478 506 602 587 άγεται,
626 506 662 570 τὸ
682 502 779 588 γένος
793 505 979 586 Αίγύπτιον
999 502 1114 591 (ἐνθεν

96 613 126 680 δ’
150 610 193 699 ήν
212 611 267 677 καὶ
286 612 369 695 αὐτή
388 613 425 676 τὸ
440 608 605 696 ἀρχαῖον),
629 609 662 687 ἐξ
681 606 722 675 οὗ
745 613 861 687 παῖδες
880 607 1041 700 Ἰσμαήλῳ
1065 614 1114 694 γί-

68 739 213 787 6νουται
237 721 365 785 δώδεκα
388 718 523 801 πάντες,
546 719 767 801 Ναβαιώθης,
791 719 961 802 Κήδαρος,
981 715 1115 802 Ἀβδέη-

96 833 164 910 λος,
186 824 387 908 Μασσάμας,
407 820 570 908 Ἰδούμας,
593 824 749 908 Μάσμας,
772 827 927 906 Μασσής,
951 825 1115 907 Χόδαδος,

97 931 263 1016 Θέμανος,
282 927 459 1015 Ἰέτουρος,
482 929 676 1013 Νάφαισος,
699 928 841 1013 Κέδμας.
888 931 997 1014 <221>
1021 925 1114 995 οὗτοι

96 1047 206 1103 πᾶσαν
228 1039 290 1119 τήν
314 1034 368 1100 ἀπ’
396 1036 577 1120 Εὐφράτου
596 1038 812 1118 καθήκουσαν
826 1038 918 1122 πρὸς
940 1039 1002 1121 τήν
1021 1035 1114 1121 Ἐρυ-

95 1145 187 1229 θρδιν
226 1144 395 1209 θάλατταν
428 1152 640 1224 κατοικοῦσι,
672 1145 877 1226 Ναβατηνὴν
910 1145 971 1226 τήν
1003 1144 1115 1227 χώραν

57 1269 84 1310 10
97 1250 331 1334 ὀνομάσαντες.
378 1247 443 1314 εἰσὶ
466 1247 498 1312 δ’
523 1243 617 1314 οὗτοι
641 1251 676 1313 οἳ
694 1251 732 1313 τὸ
755 1259 822 1313 τῶν
842 1246 992 1333 Ἀράβων
1016 1251 1116 1325 ἐθνος

97 1356 179 1422 κατά
197 1355 306 1440 φυλάς
324 1352 381 1439 ἀφ’
405 1353 515 1418 αὐτῶν
533 1357 674 1417 καλοῦσι
693 1353 749 1415 διά
771 1375 806 1416 τε
830 1354 891 1436 τήν
914 1353 1035 1438 άρετήν
1058 1355 1116 1419 αὐ-

61 1479 68 1484 ·
98 1474 164 1528 τῶν
187 1460 242 1527 καὶ
267 1463 322 1526 διὰ
345 1463 382 1526 τὸ
402 1458 569 1543 Ἀβράμου
594 1456 728 1540 ἀξίωμα.

166 1570 276 1652 <222>
302 1566 435 1638 Ἴσακον
468 1560 505 1628 δὲ
539 1565 556 1630 ὁ
593 1564 700 1646 πατήρ
724 1561 892 1647 ’.Ἅβραμος
923 1564 1118 1649 ὑπερηγάπα
1129 1568 1170 1631 13

99 1683 264 1759 μονογενῆ
286 1674 366 1738 ὄντα
384 1669 439 1735 καλ
458 1668 512 1733 ἐπὶ
530 1672 640 1753 γήρως
659 1668 748 1755 οὐδῷ
767 1669 850 1733 κατὰ
874 1662 1004 1753 δωρεάν
1028 1670 1116 1759 αὐτῷ

58 1798 85 1840 ιτ
99 1778 268 1847 τοῦθεοῦ
292 1780 483 1860 γενόμενον.
529 1780 748 1861 προυκαλεῖτο
777 1773 807 1840 δ’
834 1778 882 1853 είς
905 1775 1040 1842 εὐνοιαν
1063 1776 1118 1842 καὶ

100 1889 138 1951 τὸ
171 1888 345 1970 φιλεῖσθαι
378 1886 504 1965 μᾶλλον
536 1881 601 1947 ὑπὸ
632 1892 700 1947 τῶν
729 1880 858 1965 γονέων
890 1880 945 1947 καὶ
977 1869 1117 1961 αὐτὸςὸ

100 2002 189 2074 παῖς,
212 1989 415 2073 ἐπιτηδεύων
438 1997 548 2054 πᾶσαν
568 1987 700 2073 ἀρετήν,
723 1987 777 2053 καὶ
801 1998 857 2073 τής
879 2012 913 2054 τε
936 2001 1004 2055 τῶν
1021 1990 1118 2056 πατέ-

103 2120 174 2182 ρων
197 2098 376 2181 θεραπείας
403 2093 560 2180 ἐχόμενος
581 2093 635 2160 καὶ
657 2092 733 2181 περὶ
756 2098 817 2180 τήν
840 2082 899 2162 τοῦ
922 2102 1007 2163 θεοῦ
1034 2104 1119 2182 θρη-

105 2205 220 2268 σκείαν
239 2201 461 2278 ἐσπουδακώς.
507 2201 615 2283 <223>
630 2198 797 2286 ’Ἅβραμος
811 2199 849 2266 δέ
871 2205 933 2287 τήν
952 2205 1042 2268 ἰδίαν
1065 2204 1119 2268 εὐ-

60 2327 88 2369 20
103 2311 281 2393 δαιμονίαν
313 2308 350 2374 ἐν
381 2312 474 2397 μύνφ
506 2316 551 2396 τῷ
585 2310 645 2373 τὸν
675 2309 751 2373 υίὸν
785 2308 898 2392 άπαθή
931 2311 1119 2375 καταλιπὼν

101 2415 251 2493 ἐξελθεῖν
283 2425 342 2482 τοῦ
375 2419 432 2499 ζῆν
455 2407 607 2480 ἐτίθετο(
639 2417 793 2482 τοιούτου
817 2416 930 2500 μέντοι
954 2417 1035 2481 κατὰ
1052 2418 1119 2500 ,τήν

101 2532 161 2588 τοῦ
187 2529 272 2588 θεοῦ
299 2513 461 2605 βούλησιν
490 2523 619 2606 ἔτυχεν·
648 2517 685 2598 δς
715 2522 890 2607 διάπειραν
912 2522 1016 2587 αὐτοῦ
1040 2525 1119 2605 βου-

102 2630 240 2712 λόμενος
258 2632 373 2712 λαβεῖν
391 2637 449 2711 τής
466 2625 542 2710 περὶ
565 2627 667 2692 αὐτὸν
688 2633 878 2712 θρησκείας,
902 2626 1119 2712 ἐμφανισθεὶς

102 2733 191 2821 αὐτῷ
211 2729 386 2799 καὶπάνθ’
414 2731 476 2797 ὅσα
495 2738 545 2817 είη
564 2732 810 2818 παρεσχημένος
832 2735 1119 2820 καταριθμησάμε-

61 2856 89 2897 25
102 2863 172 2923 νος,
195 2839 303 2921 <224>
319 2839 363 2916 ὡς
376 2841 544 2922 πολεμίων
562 2862 597 2903 τε
615 2844 787 2924 κρείττονα
810 2842 957 2922 ποιήσειε
981 2837 1036 2903 καὶ
1058 2840 1119 2921 τήν

102 2954 277 3029 παροῦσαν
300 2944 516 3027 εὐδαιμονίαν
540 2943 576 3009 ἐκ
598 2953 655 3028 τῆς
677 2945 780 3010 αὐτοῦ
804 2945 951 3025 σπουδής
973 2945 1043 3028 ἔχοι
1065 2943 1121 3009 καὶ

102 3053 162 3116 τὸν
184 3052 261 3116 υίὸυ
275 3048 426 3133 Ἴσακον,
452 3047 525 3135 ᾔτει
548 3060 668 3116 τοῦτον
692 3051 779 3136 αὐτῷ
803 3055 898 3132 θῦμα
919 3047 975 3114 καὶ
999 3051 1120 3137 ἱερεῖον

102 3167 294 3242 παρασχεῖν.
345 3153 476 3220 ἐκέλευέ
504 3178 539 3220 τε
569 3165 690 3220 τοῦτον
722 3156 769 3231 είς
800 3156 837 3218 τὸ
869 3156 1011 3240 Μώριον
1044 3161 1122 3246 ὅρος

104 3261 314 3345 ἀναγαγόντα
347 3261 573 3327 ὁλοκαυτῶσαι
609 3261 724 3345 βωμὸν
761 3260 1001 3348 ἱδρυσάμενον·
1034 3266 1120 3332 οὕτω

176 3422 263 3482 §220
283 3444 317 3463 =
332 3417 399 3472 Gen.
419 3416 496 3470 XXV
517 3422 561 3481 123
583 3423 596 3469 1
616 3414 708 3471 Ροεηλ,
728 3415 741 3467 Ι
759 3421 801 3470 29.
893 3424 907 3485 5
927 3425 979 3474 222
1000 3447 1032 3467 =
1052 3421 1120 3476 Gen,

103 3503 658 3571 xmkgmffmmm
