2460 3848
78 122 141 186 118
440 123 714 177 ΑΡΧεΙοΔονιεΣ

76 284 142 351 ὑπὸ
169 297 282 371 νεφῶν
310 285 530 372 ἁρπαζόμενοι
556 288 801 352 καταπίνονται.
846 287 1040 370 χειροήθεις
1063 283 1096 351 δ’

77 389 163 458 εἰσὶν
195 392 232 457 αί
247 395 343 494 δῖβεις
374 390 430 457 καὶ
458 394 540 477 πρὸς
567 395 673 476 μόνον
701 393 738 457 τὸ
765 402 833 456 τῶν
859 391 972 476 ὄφεων
1002 390 1104 475 γένος

80 499 200 583 ἄγριοι.
246 498 356 580 <247>
374 495 429 561 καὶ
447 495 523 584 περὶ
541 494 602 582 μὲν
620 499 749 564 τούτων
766 499 905 583 παρίημι
928 507 996 563 νῦν
1020 499 1103 585 γρά-

79 628 168 689 φειν,
192 603 253 668 οὐκ
276 602 491 685 ἀγνοούντων
513 614 580 669 τῶν
597 601 767 689 Ἑλλήνων
789 612 847 688 τῆς
869 606 967 688 ίβεως
990 607 1031 670 τὸ
1056 600 1103 670 εί

80 711 147 786 δος.
193 709 237 784 ὡς
264 703 327 773 οὖν
355 709 401 785 είς
428 710 490 792 τὴν
517 718 580 792 γῆν
610 709 746 795 ἐνέβαλε
768 712 830 795 την
851 713 1127 797 θηριοτρόφον,5

79 815 213 891 ταύταις
244 812 426 900 ἀπεμάχετο
458 817 520 899 τὴν
549 827 616 882 τῶν
648 814 793 901 ἑρπετῶν
825 818 929 901 φύσιν
961 815 1103 901 ἐπαφεὶς

79 921 193 997 αὐτοῖς
219 917 274 985 καὶ
300 922 588 1007 προπολεμούσαις
617 922 795 1008 χρώμενος.
842 923 951 1006 <248>
974 933 1103 990 τοῦτον

78 1021 139 1093 οῦν
162 1027 303 1103 ὁδεύσας
325 1029 384 1093 τὸν
406 1029 531 1112 τρόπον
555 1023 635 1093 οὐδὲ
656 1033 872 1114 προμαθοῦσι
894 1036 1005 1113 παρῆν
1030 1042 1103 1108 τοῖς

81 1135 246 1216 Αἰθίοψι,
277 1131 333 1197 καὶ
360 1135 540 1217 συμβαλὼν
567 1133 681 1211 αὐτοῖς
706 1144 822 1219 κρατεῖ
845 1141 884 1218 τῇ
908 1133 1014 1220 μάχη,
1045 1134 1102 1201 ’καὶ

76 1251 146 1306 τῶν
165 1239 309 1305 ἐλπίδων
328 1238 367 1315 ἀς
385 1234 476 1325 εἶχον
499 1238 552 1305 ἐπὶ
569 1242 648 1317 τοὺς
665 1241 872 1323 Αἰγυπτίους
894 1238 1102 1326 ἀφαιρεῖται,
1116 1258 1140 1298 1⁰

74 1347 133 1424 τάς
150 1369 184 1410 τε
202 1348 314 1422 πόλεις
333 1344 443 1410 αὐτῶν
462 1343 555 1432 ἐπῄει
574 1349 893 1433 καταστρεφόμενος,
915 1344 971 1410 καὶ
990 1350 1101 1431 φόνος

73 1455 183 1530 πολὺς
211 1462 278 1518 τῶν
307 1453 486 1518 Αίθιόπων
516 1451 699 1536 ἐπράττετο.
746 1450 801 1518 καὶ
828 1462 886 1537 τῆς
911 1452 967 1517 διά
989 1457 1101 1520 Μωυ-

75 1566 139 1643 σῆν
168 1559 349 1646 εὐπραγίας
378 1560 584 1644 γευσάμενον
616 1561 654 1624 τὸ
683 1569 750 1624 τῶν
773 1561 968 1642 Αίγυπτίων
998 1563 1101 1647 στρά-

74 1688 177 1749 τευμα
199 1675 315 1731 πονεῖν
335 1665 397 1730 ούκ
415 1667 567 1749 ἔκαμνεν,
590 1666 634 1742 ὡς
652 1663 727 1749 περὶ
741 1664 1016 1749 ἀνδραποδισμοῦ
1042 1667 1101 1734 καὶ

74 1776 257 1846 παντελοῦς
271 1770 480 1847 ἀναστάσεως
493 1772 552 1835 τὸν
570 1772 732 1837 κίνδυνον
751 1767 837 1836 εἶναι
855 1783 925 1848 τοῖς
939 1774 1100 1851 Αίθίοψι.
1115 1791 1140 1831 1⁵

75 1876 185 1959 (249)
212 1872 268 1938 καὶ
295 1873 388 1951 τέλος
416 1873 655 1954 συνελαθέντες
682 1879 730 1954 είς
752 1879 849 1961 Σαβὰ
877 1880 976 1944 πόλιν
1001 1882 1100 1962 βασί-

75 1985 166 2046 λειον
199 1975 304 2046 οὖσαν
336 1989 393 2065 τῆς
425 1983 628 2066 Αάθιοπίας,
665 1982 708 2067 ἣν
739 1984 880 2070 ὕστερον
912 1985 1102 2070 Καμβύσης

74 2091 215 2174 Μερόην
234 2091 466 2172 μετωνόμασεν
485 2086 630 2174 ἀδελφῆς
649 2091 736 2166 ἰδίας
753 2100 851 2157 ’τοῦτο
874 2087 1099 2176 καλουμένης,

75 2193 341 2279 ἐπολιορκοῦντο.
378 2190 421 2277 ἦν
445 2192 482 2261 δὲ
506 2197 791 2282 δυσπολιόρκητον
814 2197 945 2279 σφόδρα
970 2198 1008 2261 τὸ
1032 2220 1100 2280 χω-

75 2305 169 2387 ρίον,
196 2311 256 2368 τοῦ
283 2324 318 2366 τε
346 2305 474 2366 Νείλου
502 2299 711 2387 περιέχοντος
739 2300 843 2385 αὐτην
874 2300 929 2366 καὶ
952 2307 1098 2368 κυκλου-
1113 2321 1140 2360 2⁰

74 2405 200 2490 μένου,
231 2417 388 2490 ποταμῶν
420 2403 449 2471 τ’
485 2408 596 2471 ἀλλων
626 2403 790 2471 Ἀστάπου
826 2404 881 2470 καὶ
910 2402 1099 2494 Ἀσταβόρα

76 2511 288 2595 δυσμάχητον
324 2522 393 2588 τοῖς
434 2509 652 2596 πειρωμένοις
689 2513 874 2595 διαβαίνειν
912 2515 948 2579 τὸ
986 2512 1097 2599 ῥεῦμα

76 2616 276 2681 ποιούντων·
305 2616 414 2699 (250)
441 2616 462 2700 η
490 2617 554 2700 γάρ
582 2619 677 2693 πόλις
700 2615 793 2695 ἐντὸς
816 2614 900 2684 οὖσα
924 2619 968 2695 ὡς
990 2628 1097 2702 νῆσος

76 2724 228 2805 οἰκεῖται,
255 2726 384 2807 τείχους
412 2718 441 2786 τ’
468 2720 550 2806 αὐτῇ
581 2733 742 2809 καρτεροῦ
764 2723 1006 2810 περιηγμένου,
1037 2724 1095 2790 καὶ

75 2831 158 2915 πρὸς
189 2824 250 2912 μὲν
282 2831 361 2905 τοὺς
391 2824 569 2912 πολεμίους
607 2832 782 2915 πρόβλημα
814 2834 891 2908 τοὺς
923 2834 1095 2915 ποταμοὺς
1110 2849 1138 2890 2⁵

77 2939 214 3022 ἔχουσα,
241 2934 374 3020 χώματά
397 2957 430 2999 τε
454 2934 580 3019 μεγάλα
603 2934 725 3019 μεταξὺ
748 2946 808 3002 τοῦ
831 2940 979 3023 τείχους,
1009 2938 1094 3004 ὥστε

72 3041 319 3110 ἀνεπίκλυστον
346 3036 431 3106 εἶναι
460 3044 647 3126 βιαιότερον
669 3041 733 3107 ὑπὸ
757 3044 931 3129 πλημύρας
953 3041 1094 3129 φερομέ-

68 3167 160 3211 νων·
197 3148 279 3230 ἀπερ
315 3144 370 3212 καὶ
401 3157 470 3224 τοῖς
501 3145 783 3231 περαιωσαμένοις
817 3152 894 3226 τοὺς
925 3154 1095 3234 ποταμοὺς

69 3252 204 3336 ἀπορον
223 3251 326 3319 ἐποίει
344 3262 401 3338 της
418 3256 544 3330 πόλεως
566 3255 628 3338 τὴν
650 3254 785 3319 ἅλωσιν.
831 3255 941 3337 <251>
955 3253 1094 3341 φέροντι

69 3361 191 3426 τοίνυν
217 3358 327 3443 ἀηδῶς
355 3369 400 3448 τῷ
430 3362 574 3426 Μωυσεῖ
601 3361 662 3443 την
689 3370 749 3426 τοῦ
772 3363 1014 3445 στρατεύματος
1037 3361 1094 3447 ἀρ-
1107 3379 1137 3419 ³0

136 3487 231 3546 §247
248 3480 282 3537 εί.
302 3482 467 3554 Αιῖεμεωιιε
486 3498 531 3554 οφ.
550 3479 653 3536 Εοεολι.
672 3497 770 3551 μειερ.
789 3497 834 3536 ετ.
850 3481 893 3533 lx
907 3488 956 3533 επ.
