2460 3848
102 144 168 210 184
470 146 744 199 ΔΡΧΑΙΟΛΟΓῙΔΣ
798 142 801 149 ’

102 308 189 394 ἄρνα
212 303 292 375 καθ’
318 304 459 390 ἑκάστην
484 303 611 391 ἡμέραν
634 306 839 393 σφάττεσθαι
860 316 930 371 τῶν
955 307 1125 374 αὐτοετῶν

102 413 287 502 ἀρχομένης
312 409 348 479 θ’
374 409 497 498 ἡμέρας
523 410 578 478 καὶ
602 415 779 498 ληγούσης·
806 413 888 478 κατὰ
912 409 944 478 δ’
973 411 1123 498 ἑβδόμην

102 519 249 607 ἡμέραν,
274 519 346 602 ἥτις
373 517 520 602 σάββατα
546 524 713 604 καλεῖται,
741 520 803 585 δύο
834 519 1038 604 σφάττουσι,
1064 523 1121 586 τὸν

102 628 206 695 αὐτὸν
233 627 357 709 τρόπον
385 625 644 710 ἱερουργοῦντες.
690 627 799 711 <238>
822 634 861 711 τη
892 621 931 690 δὲ
952 631 1121 713 νουμηνίᾳ

102 732 160 808 τάς
186 754 221 797 τε
247 732 474 816 καθημερινάς
500 736 622 810 θυσίας
652 732 837 799 ἐπιτελοῦσι
864 729 920 798 καὶ
949 733 1014 798 δύο
1043 737 1151 817 βοῦς5

103 838 168 909 σὺν
195 836 338 921 ἀρνάσιν
366 836 582 915 ἐνιαυσιαίοις
609 836 688 904 ἑπτὰ
715 836 771 905 καὶ
798 841 912 924 κριόν,
939 840 1062 924 ἔριφον
1089 835 1118 903 δ’

104 940 158 1009 ἐπὶ
184 945 421 1028 παραιτήσεσιν
454 943 672 1030 ἁμαρτάδων,
704 951 739 1010 εί
761 968 792 1009 τι
820 944 902 1010 κατὰ
930 947 1045 1029 λήθην
1072 942 1121 1028 γε’-

68 1069 206 1120 ννοιτο.
243 1050 352 1134 <239>
366 1059 411 1138 τῷ
433 1047 463 1116 δ’
483 1049 613 1140 ἑβδόμῳ
632 1053 723 1135 μηνί,
742 1049 782 1117 δν
795 1051 995 1127 Μακεδόνες
1009 1048 1121 1136 Ὅπερ·

104 1159 277 1241 βερεταίον
300 1161 451 1239 καλοῦσι,
473 1154 676 1241 προσθέντες
698 1168 767 1233 τοίς
789 1154 976 1241 εἰρημένοις
999 1168 1122 1244 ταῦρον

103 1260 161 1329 καὶ
191 1264 288 1348 κριὸν
319 1260 375 1327 καὶ
407 1263 510 1347 ἄρνας
542 1260 621 1328 ἑπτὰ
648 1263 773 1332 θύουσι
803 1261 858 1327 καὶ
890 1265 1011 1349 ἔριφον
1042 1260 1154 1349 ὑπὲρ10

105 1366 313 1453 ἁμαρτάδων.

68 1495 87 1543 3
174 1475 284 1559 (240)
308 1474 427 1561 δεκάτη
457 1470 493 1540 δὲ
519 1484 580 1540 τοῦ
608 1475 712 1540 αὐτοῦ
739 1478 844 1559 μηνὸς
873 1476 954 1541 κατά
978 1479 1123 1561 σελήνην

107 1581 379 1667 διανηστεύοντες
392 1581 454 1657 ἕως
473 1579 610 1666 ἑσπέρας
627 1582 774 1646 θύουσιν
789 1581 825 1648 ἐν
840 1582 940 1667 ταύτη
960 1591 998 1667 τῇ
1019 1582 1124 1670 ἡμέρᾳ

105 1691 231 1773 ταῦρόν
262 1711 298 1752 τε
325 1686 380 1753 καὶ
407 1690 521 1773 κριοὺς
549 1689 610 1753 δύο
638 1685 693 1754 καὶ
720 1689 824 1774 ἀρνας
851 1686 930 1753 ἕπτὰ
960 1687 1017 1752 καὶ
1042 1686 1124 1774 ὑπὲρ

106 1792 306 1879 ἁμαρτάδων
338 1795 465 1878 ἔριφον.
512 1793 620 1876 <241>
647 1793 853 1881 προσάγουσι
882 1790 919 1858 δὲ
948 1795 1010 1859 δύο
1044 1799 1126 1881 πρὸς
1138 1806 1159 1846 1⁵

105 1900 236 1976 τούτοις
255 1899 401 1985 ἐρίφους,
426 1892 473 1965 ὧν
492 1898 510 1964 δ
529 1894 591 1983 μὲν
611 1902 674 1979 ζῶν
692 1902 740 1976 είς
761 1901 822 1983 την
845 1899 1026 1985 ὑπερόριον
1052 1901 1127 1987 ἐρη-

107 2009 187 2089 μίαν
205 2003 375 2090 πέμπεται,
395 2003 661 2091 ἀποτροπιασμὸς
679 2004 735 2070 καὶ
752 2008 946 2091 παραίτησις
963 2015 1025 2071 τοῦ
1045 2010 1128 2091 πλή-

105 2119 193 2189 θους
220 2114 343 2188 παντὸς
368 2107 453 2197 ὑπὲρ
481 2110 723 2197 ἁμαρτημάτων
746 2110 922 2195 ἐσόμενος,
944 2113 1004 2177 τὸν
1029 2110 1063 2176 δ’
1093 2113 1128 2178 ε’ν

106 2230 177 2296 τοῖς
202 2222 410 2303 προαστείοις
432 2220 478 2295 είς
504 2220 742 2303 καθαρώτατον
765 2219 901 2300 άγοντες
923 2220 1049 2302 χωρίον
1070 2219 1129 2284 αύ·

106 2327 186 2391 τόθι
214 2326 277 2390 σὺν
310 2325 391 2409 αὐτῇ
421 2328 553 2390 καίουσι
581 2333 619 2409 τη
644 2326 748 2411 δορᾷ,
784 2320 889 2407 μηδὲν
913 2324 998 2399 ὅλως
1020 2328 1167 2409 καθά-2ο

109 2452 234 2515 ραντες.
270 2431 380 2513 <242>
400 2434 671 2514 συγκατακαίεται
695 2426 732 2494 δὲ
750 2440 871 2515 ταῦρος
894 2429 953 2514 οὐχ
977 2429 1042 2494 ὑπὸ
1068 2442 1130 2497 τοῦ

109 2537 219 2621 δήμου
250 2539 473 2621 προσαχθείς,
505 2533 577 2601 ἀλλ’
610 2535 646 2601 ἐκ
677 2547 745 2602 τῶν
774 2537 870 2601 ίδίων
900 2535 1130 2619 ἀναλωμάτων

107 2652 169 2709 τοῦ
193 2640 370 2728 ἀρχιερέως
391 2645 626 2726 παρασχόντος.
672 2637 713 2707 οὗ
737 2645 778 2726 δη
803 2641 996 2727 σφαγέντος,
1019 2644 1130 2709 εἰσκο-

107 2750 207 2831 μίσας
233 2750 280 2824 είς
306 2750 365 2813 τὸν
392 2749 476 2813 ναὸν
504 2757 564 2814 τοῦ
587 2748 722 2830 αἵματος
744 2748 811 2831 ἀμα
834 2746 971 2814 καὶτοῦ
995 2746 1130 2833 ἔρίφου,

111 2852 218 2939 ῥαίνει
246 2863 291 2941 τρθ
319 2855 471 2941 δακτύλῳ
498 2856 556 2920 τὸν
585 2856 712 2940 όροφον
743 2851 892 2938 ἑπτάκις,
924 2864 984 2919 τοῦ
1008 2851 1039 2917 δ’
1066 2857 1128 2920 αὐ·
1143 2868 1169 2909 2⁵

109 2970 171 3027 τοῦ
201 2958 256 3027 καὶ
285 2960 471 3046 τοῦδαφος,
497 2958 552 3025 καὶ
579 2961 774 3038 τοσαυτάκις
800 2963 847 3038 είς
873 2963 932 3026 τὸν
959 2962 1043 3026 ναὸν
1071 2961 1130 3027 καὶ

109 3065 187 3152 περὶ
209 3070 267 3134 τὸν
290 3076 439 3152 χρυσοῦν
462 3070 588 3152 βωμόν,
611 3066 665 3133 καὶ
688 3070 725 3133 τὸ
749 3069 867 3134 λοιπὸν
889 3064 965 3152 περὶ
988 3074 1033 3154 τῷ
1058 3072 1130 3151 μεί-

110 3174 192 3256 ξονι,
214 3177 352 3257 κομίσας
374 3174 421 3248 είς
442 3174 480 3238 τὸ
503 3178 648 3261 αἴθριον.
686 3175 796 3257 <243>
815 3176 896 3260 πρὸς
918 3174 1047 3249 τούτοις
1070 3173 1131 3251 τὰς

109 3274 226 3362 ἐξοχάς
244 3275 298 3342 καὶ
317 3281 394 3355 τοὺς
412 3281 556 3364 νεφροὺς
574 3277 628 3344 καὶ
647 3282 707 3363 την
725 3281 866 3363 πιμελὴν
886 3281 949 3344 σὺν
971 3287 1016 3365 τῷ
1037 3283 1129 3367 λοβῷ

183 3421 269 3482 ςεω
290 3444 324 3464 =
343 3416 567 3501 Num‘xxvm
585 3426 610 3474 ε.
720 3423 805 3484 ςιεο
827 3444 860 3462 =
879 3417 961 3471 Num.
985 3416 1076 3470 xxm
1097 3423 1129 3484 13

90 3501 188 3569 Lem't.
208 3503 281 3562 XVI
297 3511 322 3564 8.
