2460 3848
122 151 164 217 38
486 154 759 207 ΔΡΧΑΙΟΔΟΓΙΑΣ

121 311 151 379 δ’
174 315 192 382 ὁ
212 317 332 400 τρόπος
348 323 406 397 τῆς
423 317 545 390 θυσίας
563 323 724 390 τοιοῦτος·
749 314 892 398 δάμαλιν
910 316 1138 400 τριετίζουσαν

122 421 177 486 καὶ
195 417 273 505 αἶγα
291 423 514 506 τριετίζουσαν
532 419 588 484 καὶ
605 422 702 503 κριὸν
722 419 845 504 ὁμοίως
862 428 971 503 τριετῆ
986 418 1041 484 καὶ
1059 407 1137 507 τρυ-

121 530 205 611 γόνα
228 525 283 592 καὶ
310 527 507 612 περιστερὰν
534 527 751 603 κελεύσαντος
775 528 892 608 διεῖλε,
919 538 986 591 τῶν
1009 524 1139 611 ὀρνέων

121 629 222 699 οὐδὲν
246 634 376 698 διελών.
422 633 531 715 <185>
554 627 642 715 εἶτα,
671 630 751 718 πρὶν
780 641 896 717 στῆναι
923 635 982 698 τὸν
1009 635 1138 717 βωμόν,

120 741 251 806 οἰωνῶν
271 736 499 824 ἐπιπταμένων
519 737 679 825 ἐπιθυμία
697 749 757 805 τοῦ
775 741 922 824 αἵματος,
944 740 1041 823 φωνή
1059 741 1138 804 θεία
1153 759 1166 800 ι

34 886 43 896 -
120 855 229 931 παρήν
257 844 531 929 ἀποσημαίνουσα
558 849 725 930 πονηροὺς
752 846 856 912 αὐτοῦ
888 856 957 923 τοῖς
988 844 1139 928 ἐκγόνοις

120 956 270 1034 γείτονας
301 949 351 1016 ἐπ’
384 953 438 1036 ἐτη
471 955 664 1036 τετρακόσια
696 948 939 1035 γενησομένους
965 953 1047 1017 κατά
1074 954 1138 1036 τήν

121 1063 311 1141 Αἴγυπτον,
347 1056 383 1122 ἐν
416 1048 466 1133 οἷς
497 1060 794 1141 κακοπαθήσαντας
825 1055 1037 1143 περιέσεσθαι
1069 1070 1138 1125 τῶν

120 1163 264 1250 ἐχθρῶν,
286 1162 341 1229 καὶ
359 1166 584 1248 κρατήσαντας
602 1162 734 1252 πολέμῳ
754 1166 954 1229 Χαναναίων
973 1163 1058 1242 ἐξειν
1075 1165 1138 1230 ἀύ-

120 1282 187 1336 τῶν
210 1272 272 1354 τήν
295 1279 360 1353 γῆν
381 1267 437 1334 καὶ
459 1271 517 1346 τὰς
538 1273 659 1346 πόλεις.
1153 1291 1180 1329 10

83 1387 102 1437 4
187 1377 296 1458 <186>
312 1375 479 1462 ’Ἅβραμος
502 1373 540 1442 δέ
562 1373 702 1464 κατῴκει
727 1371 789 1460 μὲν
812 1374 887 1461 περὶ
910 1377 971 1460 τήν
990 1375 1137 1461 Ὠγύγην

119 1479 328 1566 καλουμένην
356 1483 442 1568 δρῦν
472 1481 554 1568 (ἐστι
583 1479 620 1548 δὲ
646 1492 704 1566 τής
728 1484 917 1558 Χαναναίας
939 1484 977 1548 τὸ
1000 1484 1138 1569 χωρίον,

119 1590 160 1656 οὐ
182 1592 296 1676 πόρρω
325 1598 381 1672 τῆς
404 1586 596 1677 Ἑβρωνίων
625 1586 784 1674 πόλεως),
814 1589 995 1673 δυσφορῶν
1024 1586 1054 1653 δ’
1083 1587 1139 1654 ἐπὶ

119 1695 252 1780 γυναικὶ
271 1696 315 1779 μή
335 1696 461 1782 κυούση
482 1697 618 1762 ίκετεύει
636 1697 695 1761 τὸν
718 1697 802 1760 θεὸν
821 1695 926 1777 γονήν
950 1693 1037 1781 αὐτῷ
1062 1716 1138 1759 παι-

120 1805 177 1879 δὸς
199 1805 338 1887 άρρενος
364 1813 554 1887 παρασχεῖν.
601 1803 710 1885 <187>
732 1811 793 1867 τοῦ
820 1806 904 1866 θεοῦ
934 1796 971 1865 δέ
993 1806 1137 1886 θαρρεῖν
1154 1820 1179 1861 15

120 1909 222 1973 αὐτὸν
244 1904 554 1991 παρακελευομένου
577 1916 645 1981 τοῖς
674 1903 703 1972 τ’
731 1908 844 1983 άλλοις
867 1909 990 1972 άπασιν
1014 1907 1058 1982 ὡς
1081 1905 1132 1971 ἐπ’

120 2013 260 2097 ἀγαθοῖς
292 2012 394 2078 αὐτὸν
431 2011 494 2077 ἀπὸ
528 2022 584 2096 τῆς
616 2015 872 2095 Μεσοποταμίας
904 2011 1049 2098 ήγμένον
1080 2013 1137 2078 καὶ

120 2122 249 2185 παίδων
272 2116 458 2204 ἐσομένων,
489 2119 606 2204 Σάρρα
634 2126 693 2182 τοῦ
720 2123 804 2183 θεοῦ
827 2121 1044 2196 κελεύσαντος
1067 2118 1137 2184 ἐπι-

119 2231 306 2293 κατακλίνει
324 2229 404 2311 μίαν
422 2237 489 2291 τῶν
507 2225 758 2310 θεραπαινίδων
777 2222 920 2310 Ἀγάρην
944 2228 1060 2310 όνομα,
1084 2223 1137 2309 γέ-

119 2357 178 2409 νος
201 2329 307 2398 οὖσαν
330 2334 534 2415 Αἰγυπτίαν,
562 2331 606 2406 ὡς
634 2329 667 2408 ἐξ
691 2330 792 2414 αὐτῆς
814 2329 1135 2421 παιδοποιησομένῳ.
1152 2352 1178 2391 20

121 2438 229 2521 <188>
254 2436 309 2501 καὶ
332 2435 493 2521 γενομένη
514 2437 666 2520 ἐγκύμων
689 2437 710 2520 ή
734 2436 930 2522 θεραπαινὶς
954 2437 1136 2523 ἐξυβρίζειν

120 2544 168 2619 είς
195 2545 256 2627 τήν
279 2543 418 2629 Σάρραν
446 2542 603 2628 ἐτόλμησε
630 2546 874 2628 βασκαίνουσα,
907 2545 951 2620 ὡς
977 2553 1037 2627 ,τῆς
1058 2545 1135 2627 ήγε-

121 2651 238 2734 μονίας
255 2646 534 2735 περιστησομένης
548 2653 595 2728 είς
608 2653 666 2716 τὸν
680 2647 736 2716 ὑπ’
760 2649 861 2734 αὐτῆς
878 2654 1134 2735 τεχθησόμενον.

115 2754 282 2842 Ἀβράμου
306 2751 336 2819 δ’
364 2753 469 2838 αὐτήν
487 2759 569 2842 πρὸς
587 2759 697 2822 αίκίαν
720 2757 928 2843 παραδόντος
950 2765 989 2841 τῇ
1006 2757 1136 2844 Σάρρᾳ,

121 2864 271 2950 δρασμὸν
282 2860 520 2944 ἐπεβούλευσεν
530 2862 590 2947 οὐχ
604 2861 818 2947 ὑπομένουσα
832 2864 889 2940 τάς
903 2865 1135 2949 ταλαιπωρίας,
1150 2881 1176 2922 25

119 2967 174 3033 καὶ
206 2971 264 3035 τὸν
296 2970 380 3033 θεὸν
414 2965 557 3033 ίκέτευεν
587 2964 699 3035 οἶκτον
728 2970 828 3052 αὐτῆς
856 2973 979 3053 λαβεῖν.
1026 2970 1136 3054 <189>

120 3074 310 3154 ὑπαντιάζει
333 3072 370 3140 δὲ
394 3075 449 3140 διά
477 3083 534 3158 τῆς
557 3073 681 3158 ἐρήμου
704 3085 888 3161 προϊοῦσαν
912 3077 1016 3159 αὐτήν
1040 3077 1135 3159 άγγε-

121 3185 177 3257 λος
189 3186 294 3264 θεῖος,
312 3181 459 3246 κελεύων
472 3183 555 3265 πρὸς
573 3182 650 3256 τοὺς
669 3182 829 3258 δεσπότας
847 3177 1028 3263 ἐπανιέναι,
1047 3184 1135 3264 βίον,

119 3287 182 3371 γάρ
202 3289 350 3370 μείζονος
367 3286 541 3366 τεύξεσθαι
557 3296 813 3373 σωφρονοῦσαν·
837 3285 891 3351 καὶ
915 3288 978 3372 γάρ
1002 3296 1066 3352 νῦν
1089 3287 1136 3363 είς

119 3395 181 3478 τήν
208 3389 388 3458 δέσποιναν
419 3391 598 3478 ἀγνώμονα
630 3391 685 3458 καὶ
718 3392 851 3476 αὐθάδη
884 3390 1084 3477 γενομένην·
1098 3391 1135 3457 ἐν
1150 3412 1177 3452 ω

192 3513 408 3579 ςιειεοευ.
429 3514 479 3568 xv
500 3520 540 3569 ιε.
628 3513 845 3593 ςιεοεοεη,
865 3513 930 3566 xm
950 3519 995 3579 183
1024 3513 1134 3568 xvl1.
