2460 3848
117 140 161 206 56
480 142 754 194 ΔΡΧΔΙΟΔΟΓΙΔΣ

118 315 186 381 τοῖς
210 302 243 381 ἐξ
266 302 348 388 ἐμοῦ
376 300 567 385 γενομένοις
596 300 741 386 ὑπέσχου
763 286 896 386 βοηθὸς
914 303 1058 386 εὐμενὴς
1081 294 1138 369 καλ

119 412 220 494 δοτήρ
243 406 294 474 ἀεὶ
317 419 384 472 τῶν
406 409 605 491 κρειττόνων
627 409 774 472 ἔσεσθαι.
818 409 930 491 (273)
952 405 1044 474 ταῦτ’
1072 404 1139 474 οὖν

119 514 174 580 καλ
197 518 394 599 βεβαίωσον,
416 510 471 577 καλ
493 514 538 595 μὴ
560 514 710 597 περιίδῃς
732 536 772 597 με
796 515 853 578 διὰ
876 516 937 597 τήν
959 525 1139 599 παροῦσαν

120 618 314 700 ἀσθένειαν,
337 616 381 684 δι’
407 619 451 702 ἣν
478 616 533 683 καλ
556 622 683 702 μᾶλλόν
706 638 768 686 σου
792 621 951 704 δεόμενος
973 621 1139 706 τυγχάνω.

120 729 179 790 καί
197 749 254 810 μοι
272 727 374 790 παῖδα
392 734 512 790 τοῦτον
532 725 673 809 εὐμενής
694 729 775 804 σῶζε
798 723 854 790 καὶ
875 727 1000 803 παντὸς
1022 726 1168 810 ἀπαθῆτ

121 841 225 898 κακοῦ
244 832 455 916 διαφύλαττε,
479 832 560 907 δοὺς
579 831 667 918 αὐτῷ
687 834 764 914 βίον
781 830 965 915 εὐδαιμονα
982 831 1037 897 καλ
1061 843 1141 917 κτῆ-

123 955 177 1003 σιν
200 936 338 1021 ἀγαθῶν
361 937 450 1002 ὅσων
473 952 526 1001 σοι
550 938 691 1020 δύναμις
712 948 912 1022 παρασχεῖν,
938 942 1079 1021 ποιήσας
1103 937 1137 1003 δ’

123 1041 225 1110 αὐτὸν
243 1046 390 1130 φοβερὸν
408 1039 469 1127 μὲν
489 1042 634 1128 ἐχθροῖς,
654 1046 766 1127 φίλοις
784 1039 822 1107 δὲ
841 1047 951 1127 τίμιον
969 1042 1024 1110 καλ
1041 1067 1142 1129 κεχα-

88 1169 104 1218 8
124 1149 302 1235 ρισμένον.’
345 1151 453 1232 <274>
467 1147 522 1214 καὶ
536 1149 555 1214 ὃ
569 1145 631 1233 μὲν
644 1151 789 1232 νομίζων
807 1147 1017 1225 είςἬσαυον
1033 1161 1143 1216 ποιεῖ-

124 1265 206 1323 σθαι
228 1258 285 1334 τὰς
307 1256 405 1340 εὐχὰς
426 1255 602 1340 παρεκάλει
621 1257 795 1320 τὸνθεόν·
818 1257 893 1339 ἄρτι
917 1253 947 1320 δ’
975 1255 1143 1323 ἐπέπαυτο
1159 1278 1185 1318 10

124 1361 283 1445 τούτων,Ι
296 1360 351 1427 καλ
376 1371 486 1446 παρῆν
505 1359 655 1438 Ἠσαυος
677 1360 741 1426 ἀπὸ
764 1369 822 1444 τῆς
843 1364 958 1447 θήρας.
1004 1359 1062 1426 καὶ
1084 1372 1145 1447 τῆς

125 1471 318 1555 διαμαρτίας
358 1469 376 1534 ὁ
410 1466 540 1545 Ἴσακος
580 1469 825 1550 αἰσθανόμενος
869 1468 1011 1552 ἡσυχίαν
1057 1469 1144 1551 ἄγει.

117 1573 264 1653 Ἢσαυος
287 1571 320 1639 δ’
353 1573 448 1658 ἠξίου
470 1586 538 1639 τῶν
562 1574 687 1657 ὁμοίων
709 1573 862 1661 τάδελφῷ
885 1575 975 1658 παρὰ
997 1583 1058 1639 τοῦ
1081 1597 1145 1638 πα-

126 1685 201 1768 τρὸς
223 1681 407 1767 τυγχάνειν.
452 1681 562 1763 <275>
575 1689 637 1744 τοῦ
656 1675 694 1744 δὲ
711 1682 834 1763 πατρὸς
852 1677 1061 1764 ἀρνουμένου
1086 1682 1144 1746 διά

126 1791 162 1854 τὸ
186 1788 291 1864 πάσας
313 1789 361 1863 είς
379 1785 537 1869 Ἰάκωβον
566 1786 624 1862 τὰς
646 1786 745 1870 εὐχὰς
767 1783 989 1868 ἀνηλωκέναι,
1015 1785 1145 1865 πένθος
1161 1807 1187 1847 15

126 1890 207 1976 ἦγεν
226 1889 279 1957 ἐπὶ
297 1900 336 1976 τῇ
355 1891 540 1978 διαμαρτίᾳ.
576 1889 631 1954 καὶ
650 1891 753 1956 αὐτοῦ
771 1902 840 1967 τοῖς
858 1891 1020 1975 δάκρυσιν
1039 1892 1145 1977 ἀχθό-

127 2022 225 2084 μενος
245 1999 262 2064 ὁ
281 1999 397 2083 πατὴρ
409 1999 449 2062 τὰ
467 1994 528 2081 μὶν
547 1994 622 2081 περὶ
640 1999 677 2061 τὸ
696 1995 895 2080 κυνηγέσιον
918 1995 973 2062 καὶ
996 1999 1144 2083 δύναμιν

128 2108 277 2191 σώματος
299 2104 337 2171 έν
360 2105 474 2182 ὅπλοις
497 2102 552 2170 καὶ
575 2112 677 2169 πᾶσιν
696 2106 805 2188 ἔργοις
827 2103 1060 2187 εὐδοκιμήσειν
1084 2106 1145 2170 αὐ-

128 2215 186 2279 τὸν
218 2216 360 2299 ἔφασκε,
392 2211 447 2278 καὶ
474 2213 709 2297 καρπώσεσθαι
737 2212 798 2294 τήν
829 2207 878 2274 ἐπ’
905 2209 1017 2286 αὐτοῖς
1041 2210 1144 2289 δόξαν

129 2317 172 2384 δι’
205 2323 324 2396 αἰῶνος
356 2317 410 2384 καὶ
442 2322 479 2385 τὸ
511 2317 565 2384 ἀπ’
598 2318 701 2383 αὐτοῦ
733 2313 849 2400 γένος,
882 2317 1077 2382 δουλεύσειν
1107 2314 1145 2382 δὲ
1160 2338 1188 2377 ιο

130 2423 290 2511 τάδελφῷ.
580 2476 583 2482 .

94 2552 110 2599 9
197 2530 307 2612 <276>
323 2526 480 2614 Ἰάκωβον
500 2525 536 2594 δὲ
555 2529 768 2614 φοβούμενον
786 2530 845 2593 τὸν
864 2527 1023 2613 ἀδελφόν,
1045 2552 1146 2612 τιμω-

130 2639 206 2721 ρίαν
225 2639 432 2719 βουλόμενον
451 2633 630 2719 ἀπολαβεῖν
649 2643 705 2719 τῆς
724 2633 776 2700 ἐπὶ
795 2646 865 2712 ταῖς
888 2635 983 2720 ἀραῖς
1007 2637 1146 2721 διαμαρ-

130 2748 211 2828 τίας,
234 2742 254 2826 ή
278 2745 383 2826 μήτηρ
408 2739 533 2824 δύεται·
557 2745 667 2807 πείθει
690 2742 753 2826 γὰρ
777 2743 835 2806 τὸν
859 2742 966 2827 ἀνδρα
988 2745 1148 2808 Μεσοπο-

132 2862 261 2938 ταμῖτιν
275 2845 458 2934 ἀγαγέσθαι
472 2857 517 2937 τῷ
534 2846 678 2938 Ἰακώβῳ
693 2858 834 2931 γυναῖκα
849 2858 1003 2931 συγγενῆ.
1035 2850 1147 2931 (277)
1162 2866 1189 2908 ετ

132 2965 194 3046 ήδη
233 2960 295 3044 γάρ
332 2954 387 3023 καὶ
423 2957 483 3040 τὴν
513 2951 687 3040 Ἰσμαήλου
717 2953 904 3040 θυγατέρα,
936 2965 996 3021 τοῦ
1025 2957 1149 3039 πατρὸς

132 3071 281 3150 ἄκοντος,
299 3064 444 3142 ’Ήσαυος
466 3064 662 3149 παρειλήφει
685 3064 767 3148 πρὸς
785 3062 892 3146 γάμον
910 3061 1148 3145 Βασεμμάθην.

133 3174 173 3238 οὐ
197 3175 259 3257 γὰρ
283 3172 427 3238 εὐνόουν
454 3181 523 3248 τοῖς
547 3172 747 3246 Χαναναίοις
775 3170 810 3235 οἱ
830 3167 905 3254 περὶ
928 3171 987 3233 τὸν
1002 3166 1149 3252 Ἰσακον,

133 3276 209 3344 ὥστ’
242 3275 293 3343 ἐπὶ
321 3288 390 3354 τοῖς
417 3281 580 3363 πρότερον
607 3277 710 3343 αὐτοῦ
738 3276 855 3361 γάμοις
883 3277 1049 3360 δυσχερῶς
1077 3277 1150 3340 δια-

205 3422 289 3485 ςνιε
309 3441 342 3461 =
365 3415 432 3472 Gen.
458 3387 562 3473 XXVH
582 3424 624 3473 νο.
734 3422 819 3482 ςτιτ
841 3413 1147 3479 =Gen.xxv1116;

133 3505 250 3564 XXXVI
270 3511 311 3560 10.
