2460 3848
113 161 182 226 200
419 161 693 214 mmmm
711 163 820 265 τεωχι

115 323 196 408 ἡμῖν
225 322 318 410 ἱεροῦ
345 324 425 407 μετά
451 327 585 388 πολλῶν
612 323 782 389 κινδύνων
808 319 865 387 καὶ
893 320 1135 408 ἀναλωμάτων,
1206 346 1215 419 ”¹

115 428 172 497 καλ
200 431 383 513 θύσαντες,
416 428 478 494 ούκ
507 434 646 514 ἴσχυσαν
673 439 740 494 τῶν
769 429 897 516 ίερείων
924 434 1136 515 μεταλαβεῖν,
1208 418 1217 475 '²-

116 534 283 612 Μωυσέος
306 534 570 621 ἀπηγορευκότος
588 533 645 600 έπί
664 557 731 601 τινι
753 547 820 602 τῶν
842 535 884 601 ού
906 533 1137 620 νομιζομένων
1215 614 1217 619 ¹

118 638 192 709 οὐδ’
215 641 251 707 έκ
269 651 336 706 τῶν
354 644 503 727 πατρίων
520 641 600 726 ἡμῖν
619 641 732 718 αύτοίς
750 643 993 728 συντυχόντων.
1023 642 1137 725 <319>
1216 640 1224 703 ’λ

117 745 173 813 καὶ
196 749 231 812 οδ
247 743 308 831 μὲν
326 742 410 831 μηδὲ
427 748 605 831 θύσαντες,
628 751 663 814 οδ
680 743 711 813 δ’
733 746 910 833 ἡμιέργους
931 748 990 824 τάς
1011 753 1139 826 θυσίας
1162 764 1174 806 ⁵
1220 745 1224 787 ³

117 856 370 937 καταλιπόντες,
396 851 515 920 πολλοὶ
543 850 573 919 δ’
601 849 674 920 οὐδ’
701 853 807 940 ἀρχὴν
836 855 1004 919 εἰσελθεῖν
1028 857 1080 932 είς
1103 857 1139 920 τὸ

43 1027 48 1031 ,
121 959 213 1047 ἱερὸν
245 957 449 1044 δυνηθέντες
479 958 636 1045 ἀπίασιν,
666 961 848 1026 ὑπακούειν
874 969 943 1036 τοῖς
969 959 1142 1037 Μωυσέος

118 1065 347 1152 προστάγμασι
378 1071 506 1151 μᾶλλον
532 1066 556 1151 ἢ
583 1077 693 1132 ποιεῖν
715 1067 755 1132 τά
783 1067 866 1132 κατὰ
888 1067 1055 1150 βούλησιν
1079 1068 1141 1151 την

120 1170 247 1238 ἑαυτῶν
274 1183 511 1259 προτιμῶντες,
537 1170 593 1238 καὶ
620 1175 679 1239 τὸν
706 1170 881 1256 ἐλέγξοντα
909 1170 1142 1257 περὶτούτων

120 1279 241 1356 αύτούς
268 1279 309 1345 ού
338 1280 499 1362 δεδιότες,
526 1278 610 1345 ἀλλὰ
638 1282 744 1363 μόνον
766 1280 803 1345 τὸ
828 1279 982 1355 συνειδὸς
1004 1277 1142 1365 ὑφορῶ-
1157 1297 1181 1337 ιο

120 1409 225 1469 μενοι.
270 1385 379 1470 <320>
407 1385 513 1462 οὕτως
539 1385 560 1470 ἡ
588 1390 772 1470 νομοθεσία
799 1395 859 1451 τοῦ
881 1391 966 1450 θεοῦ
990 1384 1143 1450 δοκούσα

120 1493 180 1558 τδν
199 1493 307 1578 ἀνδρα
323 1495 480 1575 πεποίηκε
498 1500 556 1576 της
574 1491 678 1557 αὐτοῦ
697 1492 829 1576 φύσεως
850 1493 1021 1576 κρείττονα
1044 1494 1144 1575 νομί-

123 1602 246 1678 ζεσθαι.
292 1599 333 1665 οὐ
360 1600 426 1683 μην
455 1597 539 1663 ἀλλά
567 1595 623 1663 καὶ
645 1599 744 1664 τοῦδε
766 1606 826 1664 τοῦ
848 1594 995 1680 πολέμου
1018 1599 1144 1683 μικρὸν

122 1707 334 1793 ἔμπροσθεν,
361 1706 534 1770 Κλαυδίου
558 1701 725 1788 Ῥωμαίων
753 1706 932 1790 άρχοντος,
962 1697 1143 1788 Ἰσμαήλου

123 1807 160 1876 δδ
187 1807 264 1896 παρ’
290 1811 370 1894 ημῖν
400 1808 576 1895 ἀρχιερέως
603 1813 714 1895 ὄντος,
741 1808 796 1876 καὶ
820 1815 918 1894 λιμοῦ
941 1810 1002 1893 τὴν
1026 1810 1143 1895 χώραν
1158 1828 1185 1868 15

122 1916 217 2000 ἡμῶν
246 1919 489 1999 καταλαβόντος
512 1917 556 1993 ὡς
585 1917 749 2003 τεττάρων
773 1919 929 2003 δραχμῶν
952 1919 1144 1982 πωλεῖσθαι

122 2023 182 2088 τὸν
210 2021 402 2107 ἀσσάρωνα,
434 2021 544 2106 <321>
566 2021 785 2106 κομισθέντος
807 2021 957 2110 ἀλεύρου
973 2022 1057 2086 κατά
1080 2024 1144 2107 τὴν

126 2125 244 2218 ἑορτὴν
267 2140 333 2195 τῶν
357 2128 490 2213 ἀζύμων
513 2130 560 2206 είς
581 2131 702 2214 κόρους
720 2126 948 2214 ἑβδομήκοντα
971 2125 1143 2212 (μέδιμνοι

125 2233 162 2301 δὲ
186 2231 279 2303 οὗτοι
297 2233 434 2301 Σικελοὶ
457 2233 518 2320 μέν
537 2237 622 2300 εἰσιν
645 2226 693 2312 είς
715 2233 770 2300 καὶ
792 2235 979 2320 τριάκοντα,
998 2230 1144 2302 Ἀττικοὶ

125 2340 163 2408 δὲ
185 2343 423 2430 τετταράκοντα
445 2333 506 2424 εἷς)
531 2338 642 2418 οὐδεὶς
659 2340 817 2426 ἐτόλμησε
840 2351 907 2407 τῶν
932 2337 1047 2426 ἱερέων
1069 2346 1143 2428 κρί-
1158 2361 1186 2401 ιο

126 2473 211 2532 μνον
235 2448 271 2512 ἓν
299 2458 434 2532 φαγεῖν,
461 2449 622 2530 τοσαύτης
648 2446 787 2529 ἀπορίας
813 2448 874 2531 την
898 2456 962 2532 γῆν
985 2451 1144 2532 κατεχού-

126 2570 200 2637 σης,
225 2554 343 2629 δεδιὼς
364 2554 423 2618 τὸν
445 2554 552 2634 νόμον
574 2549 629 2616 καί
651 2554 712 2636 τὴν
736 2553 839 2638 ὀργὴν
862 2553 905 2637 ἣν
928 2549 982 2618 καὶ
1006 2549 1055 2617 ἐπ’
1083 2553 1144 2619 ἀν-

126 2656 326 2739 εξελέγκτοις
348 2654 400 2722 ἀεὶ
422 2658 460 2722 τὸ
481 2662 579 2722 θεῖον
601 2668 672 2733 τοῖς
693 2657 893 2744 ἀδικήμασιν
917 2661 992 2745 ἔχει.
1030 2659 1144 2745 <322>

126 2759 203 2827 ὥστ’
230 2762 271 2828 οὐ
302 2763 355 2827 δεῖ
382 2762 566 2845 θαυμάζειν
592 2759 668 2848 περὶ
695 2774 762 2828 τῶν
789 2767 862 2830 τότε
889 2763 1146 2851 πεπραγμένων,

127 2869 224 2936 ὁπότε
248 2865 342 2955 μέχρι
369 2867 423 2934 καί
450 2877 514 2934 νῦν
543 2868 583 2933 τά
604 2868 867 2955 καταλειφθέντα
888 2871 954 2938 ὑπὸ
976 2851 1145 2951 Μωυσέος
1159 2890 1187 2931 2⁵

128 2976 301 3064 γράμματα
328 2976 527 3059 τηλικαύτην
556 2977 653 3061 ίσχὺν
680 2978 767 3062 ἔχει,
799 2976 882 3041 ὥστε
911 2976 1067 3055 καὶτοὺς
1090 3003 1145 3063 μι-

128 3093 269 3159 σοῦντας
304 3080 389 3165 ἡμᾶς
421 3080 596 3165 ὁμολογεῖν
628 3083 679 3147 ὅτι
714 3084 775 3166 τὴν
811 3087 979 3149 πολιτείαν
1010 3084 1090 3168 ἡμῖν
1126 3085 1144 3152 ὁ

127 3187 415 3272 καταστησάμενός
442 3186 511 3254 ε’στι
533 3190 614 3266 θεὸς
637 3189 692 3254 διά
713 3187 880 3266 Μωυσέος
906 3187 962 3255 καὶ
988 3199 1045 3273 τῆς
1067 3188 1145 3276 ἀρε-

127 3302 186 3378 τῆς
208 3303 264 3378 τῆς
288 3294 425 3362 ἐκείνου.

197 3400 280 3468 ἀλλά
309 3399 384 3488 περὶ
414 3395 475 3485 μὲν
504 3401 632 3466 τούτων
662 3400 706 3476 ὡς
736 3401 825 3488 αὐτῷ
855 3399 922 3466 τινί
952 3402 1046 3467 δοκεῖ
1071 3403 1144 3468 δια-
1159 3420 1186 3461 ιο

106 3511 265 3595 λγςίεται.
