2460 3848
105 150 170 185 ,μυ
482 120 756 175 ΔΡΧΔΙΟΔΟΓΙΑΣ

103 293 245 350 ποιεῖται
278 283 334 348 διά
365 291 422 368 τής
454 281 579 368 ἐρήμου
611 284 670 348 τὸν
697 283 849 368 δρασμὸν
879 278 935 346 καὶ
963 279 1049 346 ὅθεν
1082 276 1128 366 ήν

103 388 268 456 ὑπόνοιαν
290 390 335 474 μή
359 392 475 473 λαβεῖν
493 391 571 465 τοὺς
595 387 749 474 ἐχθρούς,
773 389 897 474 ἀπορός
917 382 948 452 τ’
975 386 1024 451 ὢν
1049 410 1127 473 τρο-

103 504 169 580 φής
192 495 413 580 ἀπηλλάττετο
432 503 471 578 τῇ
490 497 646 582 καρτερίᾳ
667 505 896 581 καταφρονῶν.
941 493 1054 577 <257>
1079 501 1127 572 είς

103 625 138 666 τε
160 604 260 667 πόλιν
282 600 466 684 Μαδιηνήν
493 599 696 684 ἀφικόμενος
721 602 804 686 πρὸς
830 608 869 686 τῇ
892 595 955 684 μὲν
973 596 1128 689 Ἐρυθρᾷ

102 707 252 792 θαλάττη
283 703 460 790 κειμένην,
492 703 670 790 ἐπώνυμον
702 703 734 770 δ’
771 703 846 783 ἑνὸς
874 716 941 771 τῶν
967 702 1154 795 Ἀβράμφσ

104 811 295 898 γενομένων
331 811 367 878 ἐκ
395 813 563 900 Χετοόρας
597 814 703 898 υίῶν,
734 810 916 889 καθεσθεὶς
947 810 1004 877 ἐπί
1032 835 1129 891 τινος

103 917 245 1005 φρέατος
277 917 314 986 ἐκ
345 928 405 985 τοῦ
437 922 543 985 κόπου
575 918 631 985 ml
662 928 720 1003 τῆς
746 921 969 1003 ταλαιπωρίας
997 916 1130 1003 ήρέμει,

104 1028 309 1111 μεσημβρίας
340 1025 460 1109 οὔσης,
492 1025 534 1091 οὐ
564 1028 678 1111 πόρρω
712 1034 769 1109 τῆς
799 1027 934 1102 πόλεως.
980 1022 1125 1091 ἐνταῦθ’

105 1131 193 1220 αὐτῷ
217 1129 342 1216 συνέβη
365 1130 421 1197 καὶ
452 1130 571 1217 πρᾶξις
594 1131 630 1197 ἐκ
653 1133 781 1215 διαίτης
803 1141 871 1196 τῶν
894 1131 1034 1214 αὐτόθι,
1066 1148 1129 1197 συ-

105 1240 252 1321 στήσασα
265 1238 326 1321 τήν
344 1235 467 1322 ἀρετήν
486 1237 591 1305 αὐτοῦ
613 1235 669 1303 καί
691 1229 774 1323 πρὸς
792 1239 829 1303 τὸ
843 1248 994 1323 κρεῖττον
1016 1235 1126 1324 ἀφορ-
1142 1254 1168 1294 1⁰

70 1345 172 1427 νμήν
198 1353 423 1429 παρασχοῦσα.
469 1344 580 1429 <258>
601 1354 669 1410 τῶν
696 1344 759 1429 γάρ
787 1347 920 1430 χωρίων
944 1344 1128 1430 δυσύδρων

106 1450 213 1515 όντων
235 1449 551 1536 προκατελάμβανον
575 1451 611 1517 οί
629 1448 785 1534 ποιμένες
807 1450 848 1515 τά
870 1447 1012 1536 φρέατα,
1035 1449 1129 1529 ὅπως

105 1555 150 1639 μή
168 1554 486 1642 προεξανηλωμένου
504 1566 565 1623 τοῦ
582 1555 705 1633 ὕδατος
726 1555 793 1622 ὑπὸ
816 1566 884 1621 τῶν
907 1556 1019 1620 ἀλλων
1042 1571 1128 1621 σπα-

105 1664 190 1740 νίζοι
219 1672 325 1729 ποτοῦ
354 1664 394 1728 τά
422 1661 606 1748 θρέμματα.
652 1662 762 1745 <259>
788 1665 1031 1748 παραγίνονται
1061 1656 1129 1728 οὖν

106 1766 160 1833 ἐπὶ
177 1771 215 1834 τὸ
228 1765 335 1854 φρέαρ
350 1766 431 1834 ἑπτά
443 1767 609 1856 παρθένοι
628 1768 782 1853 ἀδελφαί,
796 1766 999 1853 Ῥαγουήλου
1016 1773 1169 1851 &me-1⁶

105 1871 196 1957 τέρες
229 1871 342 1959 ίερέως
370 1872 426 1940 καὶ
447 1860 577 1959 ’πολλής
603 1872 789 1958 ήξιωμένου
819 1883 915 1960 τιμῆς
940 1875 1028 1960 παρὰ
1056 1885 1130 1952 τοῖς

106 1977 305 2065 ἐπιχωρίοις,
328 1981 365 2044 αἲ
381 1989 448 2045 τῶν
466 1989 527 2047 τοῦ
549 1982 673 2065 πατρὸς
689 1984 855 2066 ποιμνίων
879 1980 1129 2066 ἐπιμελόμεναι,

107 2086 163 2150 διά
180 2087 218 2151 τὸ
237 2087 361 2170 ταύτην
380 2085 567 2173 ὑπουργίαν
586 2082 747 2154 εἶναικαὶ
769 2085 924 2172 γυναιξὶν
947 2084 1129 2172 ἐπιχώριον

106 2193 194 2279 παρά
226 2204 296 2271 τοῖς
331 2196 603 2280 Τρωγλοδύταις,
634 2196 808 2281 φθάσασαι
835 2196 872 2260 τὸ
900 2194 1061 2278 αὔταρκες
1088 2192 1129 2260 ἐκ

106 2309 166 2365 τοῦ
188 2297 331 2385 φρέατος
352 2298 544 2367 ἀνέσπασαν
562 2301 655 2387 ὕδωρ
679 2313 748 2378 τοϊς
769 2302 937 2385 ποιμνίοις
960 2300 1008 2376 είς
1031 2296 1128 2377 δεξα-
1141 2317 1170 2358 ιο

106 2405 218 2487 μενάς,
241 2408 279 2468 αδ
294 2407 376 2488 πρὸς
394 2403 537 2491 ἐκδοχὴν
556 2416 617 2473 τοῦ
634 2406 756 2482 ὕδατος
779 2404 986 2490 ἐγεγόνεσαν.
1013 2403 1128 2490 <260>

107 2507 311 2573 ἐπιστάντων
341 2505 379 2574 δέ
405 2510 577 2596 ποιμένων
601 2509 656 2575 καί
684 2509 940 2577 ἀπελαυνόντων
963 2511 1021 2588 τάς
1042 2531 1128 2597 παρ-

105 2610 230 2691 θένους
252 2611 331 2679 ὥστ’
359 2614 454 2682 αὐτοὶ
480 2627 541 2684 τοῦ
568 2617 690 2693 ὕδατος
712 2627 862 2702 κρατεῖν,
883 2619 1035 2700 Μωυσῆς
1057 2617 1127 2682 δει-

106 2721 169 2785 νὸν
187 2717 397 2804 ήγησάμενος
415 2716 500 2786 εἶναι
518 2723 681 2808 περιιδεῖν
699 2720 921 2808 ἀδικουμένας
938 2724 996 2800 τάς
1013 2724 1127 2810 κόρας,

106 2824 162 2892 καί
176 2828 238 2911 τήν
251 2829 330 2911 βίαν
347 2829 408 2911 τήν
427 2838 494 2893 τῶν
512 2827 645 2914 ἀνδρῶν
662 2827 756 2896 ἐᾶσαι
774 2832 947 2914 κρείττονα
965 2827 1126 2913 γενέσθαι
1140 2845 1170 2888 ¹³

107 2945 167 3001 τοῦ
194 2945 262 3000 τῶν
289 2932 471 3020 παρθένων
497 2936 646 3019 δικαίου,
675 2938 754 3012 τοὺς
786 2931 848 3020 μέν
879 2930 965 3021 εἶρξε
988 2940 1124 3002 πλεονε-

106 3051 199 3106 κτεῖν
218 3039 410 3126 ἐθέλοντας,
423 3051 494 3117 ταῖς
508 3040 546 3105 δέ
558 3039 700 3127 παρέσχε
716 3043 778 3125 τήν
792 3039 936 3107 δέουσαν
949 3044 1125 3127 βοήθειαν.

106 3145 217 3229 <261>
236 3147 274 3211 αί
290 3144 320 3213 δ’
343 3147 611 3234 εὐεργετηθεῖσαι
628 3155 783 3233 παρῆσαν
801 3150 884 3235 πρὸς
906 3150 967 3214 τὸν
988 3146 1127 3233 πατέρα,

106 3253 167 3335 τήν
200 3248 238 3316 θ’
270 3252 370 3338 ὕβριν
402 3263 469 3320 τῶν
501 3252 669 3339 ποιμένων
700 3254 789 3344 αὐτῷ
824 3255 1041 3340 διηγούμεναι
1068 3251 1126 3320 καὶ

107 3358 168 3442 τήν
191 3355 385 3444 ἐπικουρίαν
408 3370 469 3428 τοῦ
492 3359 600 3445 ξένου,
622 3362 832 3447 παρεκάλουν
855 3385 889 3427 τε
913 3362 958 3445 μή
982 3362 1168 3444 ματαίανσο

168 3486 189 3544 §
204 3486 263 3536 257
275 3506 310 3527 =
323 3480 413 3540 Exod.
432 3481 461 3538 Π
480 3487 522 3538 16.
