2460 3848
121 155 187 220 256
283 125 286 128 ’
491 157 766 210 ιεωοιονιεε

120 315 312 403 θνησκέτω,
340 319 451 404 ψυχήν
474 316 548 383 ἀντὶ
571 328 680 404 ψυχῆς
701 313 907 384 καταθέσθαι
931 317 1152 394 δικαιοῦντος

122 435 182 491 τοῦ
204 427 321 510 νόμου.

67 545 102 595 ³4
187 532 299 615 <279>
330 530 506 616 φάρμακον
538 533 618 615 μήτε
652 530 844 614 θανάσιμον
880 530 959 613 μήτε
996 539 1067 593 τῶν
1099 531 1150 607 εἰς

121 639 224 714 άλλας
245 635 371 722 βλάβας
388 635 619 722 πεποιημένων
636 634 848 722 Ἰσραηλιτῶν
867 633 964 721 ε’χέτω
983 631 1071 718 μηδὲ
1082 627 1150 712 εἷς.

121 741 181 808 ἐάν
205 738 242 806 δὲ
261 741 459 826 κεκτημένος
481 749 637 829 φωραθῇ,
659 743 820 826 τεθνάτω,
844 751 941 808 τοῦτο
964 740 1106 826 πάσχων
1131 741 1175 807 65

122 845 280 932 διέθηκεν
309 846 351 912 ἀν
381 847 529 926 ἐκείνους
551 846 628 915 καθ’
656 843 704 914 ὧν
726 851 764 914 τὸ
787 849 963 934 φάρμακον
990 842 1035 931 ἧν
1064 870 1151 934 παρ-

122 953 376 1038 εσκευασμένον.

69 1075 103 1125 Βσ
189 1060 299 1145 <280>
323 1061 341 1128 6
364 1064 519 1148 πηράσας
551 1061 701 1149 πασχέτω
730 1062 770 1126 τά
798 1061 914 1145 ὅμοια,
947 1063 1152 1146 στερόμενος

124 1161 226 1252 οὗπερ
250 1168 354 1233 ἀλλον
376 1165 546 1254 ἐστέρησε,
573 1170 660 1253 πλὴν
683 1169 715 1233 εί
736 1170 780 1253 μή
803 1191 835 1232 τι
858 1169 1007 1253 χρήματα
1030 1172 1151 1252 λαβεῖν

123 1271 315 1358 ἐθελήσειεν
329 1274 348 1341 6
366 1274 613 1361 πεπηρωμένος,
631 1275 733 1341 αὐτὸν
747 1277 807 1340 τὸν
820 1275 1013 1341 πεπονθότα
1026 1275 1151 1360 κύριον
1165 1291 1185 1331 10

123 1390 183 1445 τοῦ
206 1383 314 1464 νόμου
340 1391 518 1459 ποιοῦντος
539 1385 746 1466 τιμήσασθαι
769 1383 806 1447 τὸ
826 1383 1033 1465 συμβεβηκὸς
1057 1381 1149 1469 αὐτῷ

123 1486 249 1570 πάθος,
281 1486 336 1553 καὶ
365 1499 618 1575 συγχωροῦντος
647 1488 690 1572 ἣν
723 1489 768 1571 μή
797 1488 958 1571 βούληται
985 1484 1150 1569 γενέσθαι

124 1595 327 1679 πικρότερος.
800 1590 802 1593 ’
984 1625 985 1628 “

72 1713 106 1763 36
192 1699 302 1783 <281>
324 1703 410 1784 βοῦν
427 1711 497 1777 τοϊς
515 1700 628 1787 κέρασι
646 1704 831 1786 πλήττοντα
849 1700 867 1766 6
887 1701 1049 1782 δεσπότης
1068 1697 1150 1764 ἀπο-

125 1802 300 1889 σφαττέτω.
346 1809 378 1870 εί
399 1805 430 1870 δ’
460 1804 510 1890 ἐφ’
540 1808 647 1884 ἀλωος
669 1804 808 1872 κτείνειέ
829 1829 903 1871 τινα
925 1804 1066 1890 πλήξας,
1091 1806 1150 1871 αὐ·
1164 1822 1186 1862 1⁵

124 1912 179 1986 τὸς
206 1907 268 1994 μέν
297 1910 534 1989 καταλευσθεὶς
562 1911 816 1998 ἀποθνησκέτω,
843 1909 920 1996 μηδ’
947 1913 996 1988 είς
1017 1914 1150 1997 τροφήν

125 2017 304 2102 εὔχρηστος
327 2013 412 2083 εἶναι
436 2017 699 2104 κατηξιωμένος»
719 2018 778 2085 ἐὰν
802 2015 839 2083 δέ
861 2016 916 2083 καλ
939 2017 957 2084 6
986 2018 1150 2103 δεσπότης

121 2121 295 2208 ,ἐλέγχηται
323 2125 485 2210 προειδὼς
516 2126 619 2192 αὐτοῦ
641 2128 703 2210 τήν
728 2125 832 2211 φύσιν
854 2122 909 2189 καὶ
933 2125 977 2208 μή
1001 2124 1150 2208 φυλαξά-

126 2252 240 2313 μενος,
269 2227 330 2295 καλ
353 2230 450 2307 αὐτὸς
473 2230 710 2315 ἀποθνησκέτω
735 2231 779 2307 ὡς
802 2237 905 2306 αίτιος
926 2238 972 2317 τῷ
996 2229 1064 2294 ὑπὸ
1089 2239 1150 2296 τοῦ

126 2337 204 2418 βοὸς
231 2335 433 2425 ἀνηρημένφ
460 2337 687 2422 γεγενημένος.
733 2338 843 2422 <282>
867 2335 925 2400 έάν
956 2333 993 2400 δὲ
1021 2336 1149 2402 δοῦλον
1164 2355 1187 2395 ιι

126 2439 147 2523 ή
161 2441 372 2526 θεράπαιναν
387 2441 563 2530 ἀποκτείνη
577 2448 670 2529 βοῦς,
690 2444 787 2519 αὐτὸς
801 2439 862 2527 μὲν
876 2443 1150 2525 καταλιθούσθω,

126 2546 308 2630 τριάκοντα
328 2544 365 2611 δὲ
384 2551 518 2624 σίκλους
537 2549 554 2614 6
573 2551 686 2635 κύριος
708 2560 769 2615 τοῦ
790 2551 870 2633 βοὸς
892 2548 1079 2614 ἀποτινύτω
1104 2558 1149 2633 τῷ

127 2652 269 2735 δεσπότη
299 2661 360 2715 τοῦ
387 2650 606 2737 ἀνῃρημένου.
658 2656 739 2737 βοῦς
762 2651 793 2718 δ’
821 2654 880 2720 ε’ἀν
903 2655 989 2720 οὕτω
1012 2652 1150 2736 πληγεὶς

127 2755 300 2843 ἀποθάνη,
334 2761 577 2824 πωλείσθωσαν
603 2757 658 2824 καλ
682 2759 699 2825 6
723 2752 867 2836 τεθνεὼς
894 2758 949 2825 καὶ
972 2760 990 2826 6
1013 2759 1150 2844 πλήξας,

127 2861 182 2928 καὶ
205 2865 266 2948 τήν
288 2864 387 2948 τιμήν
404 2865 465 2948 τήν
486 2863 682 2951 ἀμφοτέρων
706 2867 741 2931 ολ
761 2868 918 2933 δεσπόται
941 2865 1051 2931 αὐτῶν
1075 2867 1147 2930 δια-
1162 2884 1186 2924 ιι

128 2969 358 3054 νεμέσθωσαν.

75 3093 109 3142 37
195 3078 306 3161 <283>
333 3078 369 3143 ολ
396 3073 434 3141 δὲ
466 3076 572 3164 φρέαρ
600 3078 620 3162 ή
644 3079 766 3144 λάκκον
797 3077 973 3164 ὀρύξαντες
1000 3075 1151 3162 ἐπιμελές

130 3187 360 3248 ποιείσθωσαν
374 3183 457 3248 ὥστε
472 3186 619 3249 σανίδων
633 3184 801 3269 ἐπιβολαῖς
819 3187 905 3270 ἔχειν
924 3183 1151 3268 κεκλεισμένα,

131 3287 192 3372 οὐχ
225 3289 314 3365 ὅπως
344 3285 431 3366 τινές
462 3295 628 3375 είργοιντο
656 3292 808 3376 ὑδρείας,
840 3287 911 3355 ἀλλ’
943 3292 999 3355 ἵνα
1034 3291 1151 3374 μηδεὶς

197 3432 285 3493 §279
300 3453 334 3474 =
348 3428 436 3485 Exod.
452 3429 530 3484 XXII
546 3435 587 3484 18.
634 3435 648 3496 ξ
668 3435 720 3484 280
735 3455 769 3476 -—-
784 3429 871 3483 Exod.
891 3429 955 3482 XXI
975 3436 1017 3483 24.
1070 3435 1149 3494 §281

107 3539 143 3560 ==
157 3515 251 3575 Exod.
273 3520 345 3577 XXI
362 3528 404 3580 28.
483 3527 498 3592 5
520 3525 574 3578 283
590 3548 626 3568 =
637 3519 730 3576 Exod.
744 3517 816 3574 XXI
830 3524 876 3571 σε.

538 3768 651 3792 ᾤ
