2460 3848
131 127 174 191 66
329 157 341 175 x
494 129 769 181 ΑΡΧΑΙΟΛΟΓΙΑΣ

129 289 204 377 περὶ
218 290 331 374 μέντοι
342 301 412 380 τῶν
428 289 617 374 ἱερωμάτων
637 289 787 355 ἐκέλευεν
806 292 946 374 ἔρευναν
964 298 1152 357 ποιεῖσθαι.

130 396 310 481 δεξαμένου
330 392 366 461 δὲ
385 396 545 479 Λαβάνου
564 397 625 479 τήν
644 398 796 480 ἔρευναν,
813 393 950 481 Ῥαχήλα
973 402 1152 466 πυνθανο-

129 501 210 587 μένη
225 506 421 585 κατατίθησι
434 504 512 577 τοὺς
531 502 656 577 τύπους
673 503 720 578 είς
737 503 798 585 τήν
817 502 923 585 σάγην
941 510 998 583 τῆς
1020 507 1149 586 φερού-

129 626 188 693 σης
210 608 314 691 αὐτήν
333 610 496 690 καμήλου·
520 605 691 685 ἐκαθέζετο
710 607 759 692 δέ,
781 608 956 693 φάσκουσα
978 609 1040 690 τήν
1062 613 1150 675 κατὰ

128 715 231 799 φύσιν
260 714 426 799 κάθαρσιν
454 713 535 798 αὐτή
564 713 720 798 έυοχλείν.
768 716 875 797 <323>
903 711 958 778 καὶ
987 714 1176 797 Λάβανοςο

128 817 188 904 μέν
212 819 386 904 ἀφίσταται
409 828 466 903 τής
489 816 541 884 ἐπὶ
563 818 665 885 πλέον
688 819 840 904 ἐρεύνης,
864 820 925 885 οὑκ
948 818 990 884 ἂν
1013 820 1149 903 οἰηθεὶς

127 929 188 1010 τήν
206 924 374 1009 θυγατέρα
393 926 472 1008 μετά
491 927 644 991 τοιούτου
663 927 794 1002 πάθους
812 938 881 1002 τοῖς
903 926 1018 1000 τύποις
1041 944 1147 1010 προσ-

127 1038 250 1097 ελθεῖν.
296 1043 435 1097 ποιεῖται
468 1027 498 1095 δ’
535 1031 655 1117 ὅρκους
690 1032 772 1114 πρὸς
805 1027 962 1114 Ἰάκωβον
999 1031 1147 1114 μηδενὸς

127 1138 214 1225 αὐτῷ
243 1141 501 1222 μνησικακήσειν
528 1148 595 1201 τῶν
622 1139 824 1219 γεγονότων,
854 1134 964 1216 [ἀλλὰ]
989 1135 1146 1216 κάκεῖνος

126 1245 308 1328 ἀγαπήσειν
323 1244 426 1309 αὑτοῦ
439 1245 496 1319 τὰς
509 1241 704 1328 θυγατέρας.
750 1243 858 1324 <324>
872 1239 927 1306 καὶ
941 1242 998 1317 τάς
1015 1247 1145 1322 πίστεις
1159 1261 1183 1301 ιο

95 1352 97 1356 ’
125 1353 182 1428 τὰς
205 1349 258 1416 έπὶ
280 1352 409 1426 τούτοις
433 1350 628 1432 ἐποιήσαντο
651 1345 734 1432 ὑπὲρ
761 1347 850 1433 ὀρῶν
873 1359 986 1430 τινῶν,
1010 1345 1063 1433 ἐφ’
1090 1345 1144 1426 οἷς

126 1460 249 1543 στήλην
281 1455 446 1522 άνέθεσαν
477 1456 558 1521 κατά
586 1458 701 1538 βωμοῦ
731 1463 850 1539 σχήμα·
880 1453 962 1518 ὅθεν
986 1454 1141 1539 Γαλάδης

124 1563 252 1648 λέγεται
275 1564 292 1629 δ
316 1566 449 1648 βουνός,
472 1558 528 1646 ἀφ’
556 1556 597 1626 οὑ
616 1559 669 1626 καὶ
692 1571 757 1626 νῦν
776 1561 976 1644 Γαλαδηνὴν
999 1565 1142 1628 καλοῦσι

123 1673 184 1755 τήν
207 1679 279 1753 γήν.

190 1773 411 1840 ἑστιαθέντων
426 1771 457 1837 δ’
476 1771 529 1838 έπλ
546 1784 616 1849 τοῖς
634 1772 745 1859 ὅρκοις
768 1772 785 1837 δ
809 1769 870 1856 μέν
885 1772 1040 1855 Λάβανος
1064 1773 1141 1839 άνέ-
1155 1792 1181 1834 ιε

70 1880 113 1943 20
124 1878 244 1959 ζευξεν,
268 1879 377 1960 <325>
398 1874 540 1964 Ἰακώβῳ
564 1875 595 1940 δ’
622 1878 669 1951 είς
692 1879 752 1959 τήν
772 1881 1141 1960 Χαναναίανπροιύντι
1204 1934 1209 1942 .

122 1983 337 2069 φαντάσματα
353 1983 595 2065 συνετύγχανεν
606 1980 734 2062 άγαθδις
744 1981 877 2059 ἐλπίδας
886 1984 1141 2069 ὑπαγορεύοντα

121 2088 196 2177 περὶ
215 2100 281 2155 τῶν
301 2089 333 2165 ές
352 2087 501 2174 ὕστερον.
543 2085 674 2153 καὶτὸν
694 2083 754 2171 μὲν
772 2092 875 2156 τόπον
891 2089 1020 2154 ἐκεῖνον
1034 2108 1139 2174 προσ-

121 2199 273 2284 αγορεύει
299 2202 384 2260 θεοῦ
413 2196 648 2279 στρατόπεδον·
672 2199 875 2279 βουλόμενος
899 2192 929 2259 δ’
958 2194 1083 2260 εἰδέναι
1105 2202 1143 2262 τί

120 2302 263 2387 ἁδελφὸς
285 2300 360 2388 περὶ
384 2301 487 2365 αὑτοῦ
505 2313 634 2387 φρονεῖ,
657 2305 735 2378 τοὺς
757 2301 992 2385 γνωσομένους
1016 2301 1137 2368 ἕκαστα
1151 2322 1178 2363 20

120 2405 188 2490 μετ’
215 2407 383 2491 ἀκριβείας
400 2407 605 2492 προύπεμψε,
629 2410 747 2485 δεδιὼς
766 2408 867 2474 αὑτὸν
892 2409 947 2472 διά
970 2409 1031 2489 τήν
1054 2429 1137 2494 προ-

119 2511 217 2599 τέραν
235 2513 392 2589 ὑποψίαν.
439 2513 548 2597 <326>
568 2511 752 2578 ἐνετέλλετο
771 2510 808 2577 δέ
826 2525 895 2589 τοῖς
913 2511 1137 2597 πεμπομένοις

119 2617 227 2702 λέγειν
250 2620 332 2704 πρὸς
354 2621 413 2683 τὸν
429 2617 580 2683 ’Ήσαυον
609 2619 659 2683 ὅτι
682 2623 820 2702 νομίσας
840 2616 993 2702 Ἰάκωβος
1016 2620 1136 2686 άδικον

119 2728 374 2791 συνδιαιτᾶσθαι
385 2725 488 2790 αὑτοῦ
502 2735 540 2811 τῇ
556 2725 650 2811 ὀργή,
659 2733 716 2807 τής
730 2727 837 2810 χώρας
847 2722 931 2789 ἑκὼν
943 2722 1134 2810 ὑπεξέλθοι,

116 2831 172 2898 καὶ
198 2843 262 2899 νῦν
294 2834 353 2896 τὸν
380 2835 504 2916 χρόνον
535 2833 650 2896 ἱκανὸν
680 2831 864 2914 ἡγούμενος
887 2826 973 2894 εἶναι
998 2833 1133 2897 διαλλα-
1148 2851 1176 2892 ει

116 2941 197 3022 κτήν
217 2938 385 3020 έπανήκοι,
399 2937 558 3019 γυναῖκάς
575 2959 608 3001 τε
628 2934 682 3000 καὶ
700 2937 819 3011 παῖδας
833 2935 1038 3019 ἐπαγόμενος
1051 2939 1132 3020 μετά

115 3055 176 3110 τοῦ
207 3041 426 3131 πορισθέντος
452 3046 550 3126 βίου,
577 3044 657 3126 μετά
684 3053 751 3106 τῶν
781 3043 987 3125 τιμιωτάτων
1012 3041 1131 3108 ἑαυτὸν

116 3149 230 3238 ἐκείνῳ
259 3150 484 3233 παραδιδούς,
517 3148 567 3212 ὅτι
598 3151 704 3233 κρίνει
741 3146 895 3230 μέγιστον
929 3147 1059 3230 ἀγαθὸν
1092 3152 1130 3215 τὸ

114 3254 266 3340 τάδελφῷ
296 3254 625 3338 συμμεταλαμβάνειν
652 3263 719 3317 τῶν
746 3252 811 3319 ὑπὸ
839 3264 899 3319 τοῦ
926 3261 1011 3318 θεοῦ
1035 3256 1130 3320 δεδο-

115 3359 233 3446 μένων.
279 3360 388 3442 <327>
412 3357 466 3423 καὶ
490 3362 525 3423 οἳ
545 3355 606 3442 μὲν
625 3368 726 3424 ταῦτα
750 3356 903 3441 ἐδήλουν,
919 3357 1067 3436 ’Ἠσαυος
1091 3359 1173 3426 δέου

186 3486 272 3541 ,8.322
288 3506 322 3524 --
337 3479 404 3534 Gen.
423 3478 514 3532 XXXI
533 3485 575 3534 32.
