2460 3848
74 135 143 205 210
444 139 717 191 εωεειοεονωε

74 302 191 385 νόμων
218 299 369 371 ἐπίνοιαν
394 300 476 383 ἡμῖν
501 297 711 384 ὑποθέμενος
739 297 795 367 καλ
821 298 970 378 διάταξιν
999 308 1099 369 πολι-

74 411 184 492 τείας,
214 408 302 492 (46)
325 404 425 488 ἐλθέ,
452 404 595 473 δέσποτα
624 417 691 471 τῶν
714 405 819 489 ὅλων,
847 407 1003 490 δικαστής
1027 432 1099 493 μου

74 511 131 581 καὶ
153 514 278 599 μάρτυς
299 511 568 597 ἀδωροδόκητος,
595 512 640 589 ὡς
667 513 743 579 οὔτε
767 513 897 599 δωρεὰν
921 512 986 596 ἐγὼ
1010 514 1093 600 παρ’

70 616 234 706 Ἑβραίων
266 619 356 695 τινὸς
382 619 464 685 κατά
491 628 552 685 τοῦ
582 621 713 686 δικαίου
743 619 980 705 προσηκάμην,
1015 621 1096 688 οὔτε

73 725 207 813 πλούτῳ
230 721 405 810 κατέκρινα
427 729 545 793 πενίαν
572 734 670 791 νικᾶν
694 723 905 810 δυναμένην,
937 723 1009 793 οὔτ’
1038 726 1123 793 ἐπὶν

73 831 181 917 βλάβη
207 839 269 897 τοῦ
296 841 413 899 κοινοῦ
444 832 722 916 πολιτευσάμενος
751 834 798 908 είς
828 830 1096 914 ἀλλοτριωτάτας

73 947 141 1007 τῶν
168 935 258 1020 ἐμῶν
290 937 559 1024 ἐπιτηδευμάτων
587 936 734 1014 ἐπινοίας
760 936 915 1023 πάρειμι,
947 936 993 1014 ὡς
1016 938 1096 1024 οὐχὶ

74 1053 138 1111 σοῦ
163 1043 380 1120 κελεύσαντος
403 1040 544 1129 Ἀαρῦνι
572 1044 653 1119 δοὺς
681 1044 743 1126 τήν
767 1042 973 1128 ἱερωσύνην,
1006 1042 1096 1110 ἀλλά

46 1147 143 1219 κατ’
176 1148 259 1237 ἐμήν
292 1150 397 1236 χάριν.
444 1151 529 1232 <47>
557 1150 769 1235 παράστησον
797 1150 838 1234 δή
867 1145 921 1214 καὶ
950 1158 1017 1214 νῦν
1040 1151 1095 1217 ὅτι

73 1255 181 1325 πάντα
203 1263 242 1340 τῇ
266 1264 307 1340 σή
330 1257 472 1340 προνοίᾳ
495 1255 668 1323 διοικεῖται
691 1251 746 1319 καὶ
769 1249 874 1339 μηδὲν
897 1254 1095 1339 αὐτομάτως
1110 1275 1136 1315 ιο

74 1358 158 1427 ἀλλά
184 1361 266 1426 κατά
293 1360 456 1444 βούλησιν
484 1362 733 1445 βραβευόμενον
756 1361 817 1444 τήν
841 1362 903 1443 σήν
926 1363 973 1438 είς
996 1361 1094 1442 τέλος

73 1469 215 1554 έρχεται·
246 1468 296 1533 ότι
325 1463 362 1532 δδ
389 1471 572 1554 φροντίζεις
598 1478 665 1532 τῶν
683 1464 859 1553 Ἑβραίους
882 1468 1092 1554 ὀνησόντων,

74 1571 213 1658 μέτελθε
237 1571 418 1659 Ἀβίραμον
445 1569 499 1639 καὶ
522 1573 734 1658 Δαθάμνην,
766 1574 802 1639 οἵ
829 1589 891 1641 σου
913 1575 1094 1641 καταδικά-

75 1683 188 1759 ζουσιν
221 1678 445 1763 ἀναισθησίαν
476 1679 521 1756 ὡς
549 1675 606 1745 ὑπ’
633 1677 712 1763 ἐμῆς
743 1677 859 1765 τέχνης
890 1680 1093 1764 νικωμένου.

74 1786 163 1871 <48>
181 1789 328 1871 ποιήσεις
347 1781 384 1850 δὲ
403 1785 552 1870 φανεράν
576 1786 637 1869 τήν
661 1783 710 1851 ἐπ’
733 1786 845 1862 αὐτοῖς
868 1788 976 1870 δίκην,
1000 1789 1092 1856 οὑτω
1108 1806 1135 1846 1⁵

74 1896 269 1977 μεμηνότων
292 1893 374 1958 κατά
392 1900 449 1975 τής
468 1899 525 1973 σής
548 1890 657 1975 δόξης,
679 1894 723 1977 μή
746 1904 866 1970 κοινῶς
889 1892 925 1958 ἐκ
946 1904 1008 1960 τοῦ
1033 1898 1093 1978 ζήν

74 1999 195 2077 αύτούς
213 2001 425 2088 μεταστήσας,
448 1994 524 2081 μηδ’
548 1999 592 2074 ὡς
609 1997 841 2076 ἀποθανόντας
863 1994 933 2066 κατ’
955 1999 1093 2086 ἀνθρώ-

72 2126 173 2173 πινον
201 2105 440 2190 ἐξεληλυθότας
467 2113 527 2169 τοῦ
554 2107 631 2187 βιόυ
655 2103 819 2190 φανέντας
847 2109 971 2191 νόμον,
1004 2106 1092 2174 άλλδι

72 2212 169 2298 χάνοι
191 2211 267 2298 περὶ
290 2212 411 2286 αὐτοὺς
434 2210 500 2294 άμα
523 2218 562 2294 τή
590 2220 689 2298 γενεᾷ
711 2209 766 2275 καὶ
788 2223 857 2288 τοῖς
880 2211 1091 2296 ὑπάρχουσιν

72 2317 116 2402 ἣν
146 2328 287 2384 πατοῦσι
319 2326 390 2401 γῆν.
437 2316 523 2399 <49>
551 2326 649 2383 τοῦτο
680 2318 742 2403 γὰρ
773 2326 832 2401 σής
862 2316 1016 2396 ἐπίδειξις
1046 2318 1091 2385 άν
1106 2336 1132 2375 2⁰

74 2425 187 2510 ἰσχύος
210 2424 312 2489 δίπασι
330 2420 460 2505 γένοιτο
479 2420 535 2487 καὶ
559 2423 754 2488 διδασκαλία
777 2422 997 2509 σωφροσύνης
1021 2421 1091 2490 δέει

72 2539 134 2596 τοῦ
161 2529 263 2595 ταύτὰ
295 2532 469 2591 πείσεσθαι
499 2524 574 2612 περὶ
602 2537 664 2592 σοῦ
691 2527 887 2606 δοξάζοντας
910 2529 970 2615 οὐχ
994 2529 1089 2595 όσια·

73 2634 249 2720 εὑρεθείην
267 2634 331 2719 νάρ
350 2632 392 2699 δν
411 2632 516 2708 οὑτως
534 2630 661 2714 ἀγαθὸς
674 2632 838 2718 ὑπηρέτης
857 2629 903 2700 ὧν
923 2639 964 2700 σὺ
984 2654 1090 2722 προσ-

72 2741 204 2817 τάττεις.
246 2740 333 2822 <50>
352 2741 382 2804 ει’
402 2735 431 2802 δ’
455 2737 593 2822 ἀληθεῖς
610 2743 802 2823 πεποίηνται
827 2740 884 2817 τὰς
906 2738 976 2807 κατ’
1004 2742 1089 2826 ἐμοῦ

73 2846 251 2933 διαβολάς,
286 2849 365 2923 τοὺς
396 2841 457 2930 μέν
487 2844 628 2921 ἀπαθεῖς
659 2845 723 2911 άπὸ
754 2849 876 2922 παντὸς
908 2847 1090 2932 φυλάξειας
1104 2864 1131 2906 ει

72 2963 188 3037 κακοῦ,
211 2952 251 3019 ὃν
270 2949 301 3019 δ’
324 2951 538 3038 ἐπηρασάμην
561 2953 705 3036 όλεθρον
724 2952 847 3036 αὐτοῖς,
870 2963 990 3020 τοῦτον
1012 2977 1089 3020 ποι-

72 3062 184 3144 ήσειας
211 3058 305 3144 ἐμόν·
334 3055 388 3123 καὶ
417 3059 513 3141 δίκην
541 3056 798 3142 εἰσπραξάμενος
824 3059 912 3142 παρὰ
939 3068 999 3123 τοῦ
1026 3061 1088 3124 τὸν

74 3169 135 3232 σὸν
159 3164 312 3250 ἀδικήσαι
335 3167 540 3248 θελήσαντος
562 3166 662 3247 λαόν,
684 3173 744 3229 τοῦ
768 3169 887 3229 λοιποῦ
910 3165 1088 3250 βραβεύων

73 3271 234 3354 ὁμόνοιαν
252 3269 308 3336 καὶ
327 3273 474 3357 είρήνην,
498 3272 578 3348 σῶζε
597 3271 657 3352 τήν
675 3272 809 3352 πληθὺν
829 3267 993 3354 ἑπομένην
1016 3283 1088 3350 τοῖς

66 3389 143 3455 σοῖς
166 3378 438 3466 προστάγμασιν,
467 3374 581 3459 άπαθή
609 3386 718 3462 τηρῶν
741 3375 845 3460 αὐτήν
867 3374 923 3442 καὶ
946 3375 1089 3443 άνοινώ-
1102 3397 1130 3436 ιο

122 3502 354 3569 §4⁶22Num.
373 3501 441 3560 XVI
462 3505 503 3560 15.
