2460 3848
131 166 172 231 16
499 167 772 220 ΑΡΧΔΙΟΛΟΓΙΑΣ

130 329 215 412 (71)
238 326 299 413 ἵν’,
321 331 353 394 εί
373 327 428 394 καὶ
458 330 602 412 συμβαίη
626 330 687 412 την
710 331 892 412 πλινθίνην
915 327 1144 412 άφανισθίγυαι

128 435 193 501 ὑπὸ
216 443 274 518 τῆς
293 434 483 519 ἐπομβρίας,
505 434 525 518 ἡ
545 437 660 518 λιθίνη
684 439 824 518 μείνασα
846 435 998 520 παράσχῃ
1021 440 1144 517 μαθεῖν

128 553 199 617 τοῖς
217 540 409 627 ἀνθρώποις
422 541 462 606 τά
483 539 741 626 ἐγγεγραμμένα,
765 543 913 625 δηλοῦσα
931 540 986 626 καὶ
1008 544 1145 606 πλινθί-

129 671 193 730 νην
215 643 271 711 ὑπ’
298 647 408 712 αὐτῶν
432 647 643 730 ἀνατεθῆναι.
688 645 779 732 μένει
803 644 833 712 δ’
860 649 937 733 άχρι
958 657 1019 713 τοῦ
1043 649 1144 733 δεῦρο

129 754 210 817 κατά
233 761 296 836 γῆν
319 753 380 836 τὴν
404 753 557 839 Σιριάδα.
1173 781 1185 822 ε

95 859 116 923 3
221 858 308 942 <72>
330 855 385 922 καὶ
413 853 506 923 οὗτοι
533 855 595 943 μὲν
623 856 703 924 ἑπτά
733 859 847 940 γενεάς
870 856 1039 942 διέμειναν
1061 861 1145 924 θεὸν

130 965 310 1049 ἡγούμενοι
334 966 502 1048 δεσπότην.
525 960 612 1030 εἶναι
633 975 701 1030 τῶν
724 964 828 1047 όλων,
856 962 911 1029 καὶ
933 964 1040 1029 πάντα
1063 966 1146 1050 πρὸς

122 1070 250 1157 άρετὴν
265 1068 516 1153 ἀποβλέποντες.
553 1065 622 1135 εἶτα
636 1072 811 1156 προϊόντος
828 1078 888 1135 τοῦ
906 1073 1030 1156 χρόνον
1050 1093 1146 1155 μετα-

130 1178 310 1262 βάλλονται
339 1179 421 1261 πρὸς
450 1179 487 1241 τὸ
517 1186 630 1261 χεῖρον
660 1175 697 1240 ἐκ
723 1187 790 1240 τῶν
813 1179 961 1261 πατρίων
984 1175 1145 1261 ἐθισμῶν,

130 1286 210 1368 μήτε
238 1283 295 1359 τάς
320 1280 560 1366 νενομισμένας
586 1282 681 1366 τιμάς
708 1283 756 1346 ἔτι
785 1291 830 1369 τῷ
854 1288 923 1370 θεῷ
947 1282 1146 1368 παρέχοντες
1160 1311 1186 1350 10

131 1391 211 1472 μήτε
233 1398 293 1454 τοῦ
315 1391 398 1473 πρὸς
425 1386 627 1474 ἀνθρώπους
654 1389 785 1453 δικαίου
813 1389 1008 1471 ποιούμενοι
1031 1392 1146 1473 λόγον,

131 1491 203 1559 ἀλλ’
225 1493 268 1577 ἣν
282 1497 444 1580 πρότερον
465 1490 556 1580 εἶχον
569 1505 628 1578 τῆς
645 1492 762 1580 ἀρετῆς
776 1495 928 1578 ζήλωσιν,
947 1495 1146 1561 διπλασίονα

130 1608 187 1684 τῆς
209 1604 323 1676 κακίας
345 1597 411 1666 τότ’
440 1600 671 1666 ἐπεδείκνυντο
694 1596 739 1664 δι’
767 1593 814 1665 ὧν
841 1601 1015 1686 ἔπραττον·
1043 1603 1169 1668 ε”νθεν

132 1703 259 1784 ἑαυτοῖς
295 1708 354 1771 τὸν
389 1709 473 1772 θεὸν
510 1703 767 1789 ἐξεπολέμωσαν.
813 1705 901 1788 <73>
930 1704 1050 1771 πολλοὶ
1081 1709 1145 1793 γάρ

131 1814 265 1895 άγγελοι
283 1819 368 1878 θεοῦ
387 1810 519 1894 γυναιξὶ
542 1810 759 1895 συμμιγέντες
781 1811 940 1896 ὑβριστάς
963 1810 1145 1897 ἐγέννησαν
1159 1840 1184 1880 15

130 1918 264 2000 παῖδας,
287 1915 342 1981 καὶ
364 1918 486 1993 παντὸς
508 1917 694 2002 ὑπερόπτας
716 1922 836 2001 καλοῦ,
866 1919 922 1982 διά
944 1919 1006 2001 τὴν
1029 1917 1082 1984 ε’πὶ
1105 1929 1144 2005 τῇ

131 2023 271 2107 δυνάμει
302 2027 521 2107 πεποίθησιν·
555 2024 653 2108 ὅμοια
685 2025 747 2110 γάρ
779 2035 849 2100 τοῖς
879 2024 945 2089 ὑπὸ
977 2025 1144 2107 γιγάντων

129 2134 351 2213 τετολμῆσθαι
365 2129 556 2215 λεγομένοις
573 2127 632 2214 ὑφ’
655 2127 824 2213 Ἑλλήνων
838 2128 893 2195 καὶ
912 2125 1005 2196 οὗτοι
1024 2132 1145 2215 δρᾶσαι

128 2238 376 2321 παραδίδονται.
422 2237 509 2321 <74>
532 2239 648 2313 Νῶεος
675 2233 712 2302 δέ
735 2248 803 2313 τοῖς
825 2236 1061 2320 πραττομένοις
1083 2235 1139 2303 ὑπ’

131 2342 241 2406 αὐτῶν
261 2345 488 2427 δυσχεραίνων
506 2340 561 2407 καὶ
580 2354 649 2418 τοῖς
667 2342 891 2425 βουλεύμασιν
915 2340 1024 2425 άηδῶς
1047 2345 1144 2428 ἔχων,
1159 2371 1185 2410 20

131 2447 264 2509 ἔπειθεν
288 2445 341 2510 ἐπὶ
368 2449 405 2511 τὸ
428 2459 577 2531 κρεῖττον
605 2446 727 2521 αὐτοὺς
748 2446 809 2528 την
833 2446 986 2513 διάνοιαν
1009 2447 1063 2513 καὶ
1086 2450 1144 2526 τάς

129 2548 262 2635 πράξεις
299 2549 502 2637 μεταφέρειν.
553 2551 642 2635 ὁρῶν
675 2546 705 2614 δ’
742 2549 802 2614 οὐκ
839 2550 1031 2630 ἐνδιδόντας
1068 2552 1139 2620 ἀλλ’

131 2658 273 2741 ἰσχυρῶς
305 2657 370 2722 ὑπὸ
402 2666 459 2740 τῆς
490 2656 614 2741 ἡδονῆς
640 2667 707 2720 τῶν
734 2668 845 2722 κακῶν
872 2660 1144 2746 κεκρατημένους,

131 2764 241 2839 δείσας
268 2765 312 2847 μὴ
340 2762 395 2828 καὶ
422 2766 633 2848 φονεύσωσιν
656 2764 881 2850 αὐτόυ,.μετά
910 2771 1066 2849 γυναικὸς
1088 2766 1143 2833 καὶ

128 2868 253 2936 τέκνων
268 2868 323 2935 καὶ
338 2880 405 2934 τῶν
421 2872 551 2948 τούτοις
564 2883 794 2937 συνοικουσῶν
808 2872 986 2957 ἐξεχώρησε
1004 2883 1060 2958 τῆς
1073 2884 1142 2957 γῆς.
1157 2899 1184 2940 τε

95 2991 111 3040 2
130 2977 171 3058 <7
175 2978 216 3060 5>
242 2979 260 3044 ὁ
287 2974 324 3042 δὲ
341 2978 422 3053 θεὸς
445 2988 565 3044 τοῦτον
590 2974 651 3062 μὲν
673 2988 730 3061 τῆς
754 2980 966 3063 δικαιοσύνης
984 2980 1143 3064 ἠγάπησε,

129 3085 315 3162 κατεδίκαζε
344 3081 374 3149 δ’
407 3084 468 3149 οὐκ
500 3084 647 3161 ἐκείνους
676 3088 781 3168 μόνον
813 3096 870 3169 τῆς
897 3090 1026 3169 κακίας,
1059 3085 1143 3150 άλλά

129 3185 184 3252 καὶ
215 3198 292 3257 πάν,
315 3190 396 3256 ὅσον
423 3186 466 3274 ην
494 3189 711 3277 ἀνθρώπινον
739 3194 811 3256 τότε
835 3191 936 3269 δόξαν
959 3191 1046 3279 αὐτῷ
1072 3194 1143 3256 δια-

129 3299 282 3380 φθεῖραι,
310 3293 365 3360 καὶ
388 3306 522 3380 ποιῆσαι
545 3293 642 3379 γένος
665 3295 777 3380 ἕτερον
799 3301 958 3381 πονηρίας
981 3301 1163 3384 καθαρόν,

128 3400 359 3485 ἐπιτεμόμευός
379 3398 407 3467 τ’
430 3402 540 3468 αὐτῶν
559 3406 618 3468 τὸν
637 3405 712 3486 βιόν
735 3399 790 3466 καλ
813 3405 951 3486 ποιήσας
975 3402 1056 3469 ἐτῶν
1080 3406 1142 3490 οὐχ
1156 3431 1183 3471 so

199 3528 267 3590 §⁷2
284 3549 318 3570 =
332 3522 400 3579 Gen.
420 3523 460 3578 VI
479 3530 503 3579 1.
