2460 3848
73 127 93 191 8
437 124 712 177 ιεαειοιοοιιε

74 288 136 370 τήν
165 296 237 371 γὴν.
281 288 399 371 ταύτης
430 283 460 351 δ’
494 281 549 351 ὑπ’
581 287 660 364 όύιν
687 284 749 351 οὐκ
772 282 970 371 ἐρχομένης,
1002 280 1088 348 ἀλλά

70 397 175 477 βαθεῖ
204 388 265 477 μέν
294 391 521 476 κρυπτομένης
551 395 679 475 σκότει,
706 392 891 476 πνεύματος
919 385 949 455 δ’
981 388 1088 473 αὐτὴν

71 501 206 565 ἀνωθεν
234 496 444 581 ἐπιθέοντος,
473 497 632 582 γενέσθαι
645 509 730 584 θφῶς
756 496 928 563 έκέλενσεν
956 497 1087 573 ὁθεός.

73 607 160 688 <28>
174 602 229 669 καὶ
247 603 430 689 γενομένου
449 606 569 671 τούτου
588 607 793 689 κατανοήσας
809 605 871 688 τήν
889 603 971 687 ὅλην
989 602 1087 686 ύλην,

74 711 246 796 διεχώρισε
269 713 306 776 τό
325 733 359 775 τε
378 722 449 796 φῶς
471 708 581 776 καὶτὸ
601 715 727 796 σκότος,
750 708 804 776 καὶ
827 718 872 797 τῷ
896 705 957 792 μέν
980 710 1116 792 όνομαε

72 818 168 882 ἔθετο
191 816 310 899 νύκτα,
337 819 374 882 τὸ
406 813 436 882 δ’
463 815 588 901 ἡμέραν
613 816 783 899 ἐκάλεσεν,
810 813 951 902 ἑσπέραν
973 837 1007 880 τε
1031 814 1087 880 καὶ

73 925 202 1009 όρθρον
220 924 281 1005 τὴν
300 921 406 1008 ἀρχήν
424 932 484 988 τοῦ
502 923 612 1007 φωτὸς
625 921 680 988 καὶ
694 924 755 1007 τὴν
779 921 966 986 ἀνάπαυσιν
984 939 1088 1007 προσ-

73 1029 265 1114 αγορεύσας.
312 1027 400 1112 <29>
427 1026 493 1093 καὶ.
511 1028 591 1112 αὕτη
616 1024 677 1112 μέν
695 1025 737 1092 ἀν
760 1033 811 1112 είη
834 1029 945 1114 πρώτη
969 1027 1088 1113 ἡμέρα,

70 1137 221 1218 Μωυσῆς
239 1130 270 1199 δ’
293 1133 397 1218 αύτὴν
416 1137 496 1218 μίαν
515 1129 597 1200 εἷπε·
620 1130 731 1218 τήνδ’
759 1135 867 1200 αἰτίαν
892 1135 1003 1211 ἱκανὸς
1026 1132 1089 1218 μέν

72 1243 139 1325 είμι
162 1239 348 1307 ἀποδοῦναι
370 1237 426 1305 καλ
448 1250 524 1323 νῦν,
547 1237 617 1305 ἐπεὶ
636 1236 666 1304 δ’
693 1239 878 1326 ὑπέσχημαι
900 1242 962 1324 τήν
984 1241 1131 1306 aeno-10

73 1349 191 1429 λογίαν
215 1345 369 1412 ἁπάντων
394 1347 462 1433 ίδίηι
485 1346 759 1430 συγγραψάμενος
781 1347 1011 1434 παραδώσειν,
1041 1349 1089 1424 είς

72 1455 144 1518 τότε
164 1450 219 1516 καὶ
238 1453 300 1536 τὴν
318 1450 393 1537 περὶ
412 1452 513 1536 αὐτῆς
531 1449 709 1536 ἑρμηνείαν
732 1451 968 1536 ἀναβάλλομαι.
1000 1453 1088 1536 <30>

71 1559 152 1643 μετά
164 1560 205 1643 δὴ
219 1569 317 1625 τοῦτο
336 1568 375 1644 τῇ
395 1556 533 1646 δευτέρᾳ
547 1570 613 1624 τῶν
626 1558 759 1646 ἡμερῶν
772 1561 831 1625 τὸν
854 1558 1001 1643 οὐρανὸν
1018 1571 1089 1636 τοῖς

72 1665 163 1743 όλοις
182 1665 382 1750 ἐπιτίθησιν,
405 1665 456 1731 ὅτι
479 1665 582 1730 αύτδυ
604 1663 669 1730 άπὸ
692 1675 759 1730 τών
781 1666 893 1729 ἀλλων
917 1666 1089 1750 διακρίνας

72 1768 150 1837 καθ’
173 1772 275 1837 αὑτὸν
293 1770 412 1854 η’ξίωσε
431 1771 600 1856 τετάχθαι,
621 1771 829 1855 κρύσταλλόν
851 1793 885 1835 τε
909 1770 1089 1855 περιπήξας
1103 1793 1131 1832 15

72 1877 161 1963 αὐτῷ
181 1875 236 1941 καὶ
254 1878 368 1941 νότιον
387 1877 489 1942 αὐτὸν
506 1872 561 1940 καὶ
583 1875 724 1961 ὑετώδη,
745 1879 827 1961 πρὸς
849 1878 910 1960 τήν
934 1875 997 1942 ἀπὸ
1020 1888 1088 1943 τῶν

73 1983 206 2069 δρόσων
221 1979 395 2066 ἀφέλειαν,
410 1980 576 2068 ἁρμοδίως
589 1990 628 2067 τὴ
643 1990 684 2066 γὴ
699 1984 979 2067 μηχανησάμενος.
999 1984 1088 2067 <31>

72 2097 111 2174 τῇ
136 2084 173 2153 δὲ
195 2092 287 2175 τρίτη
312 2089 421 2172 ἵστησι
443 2089 505 2172 τὴν
527 2097 606 2172 γήν,
635 2086 773 2172 ἀναχέας
800 2085 875 2173 περὶ
898 2088 1002 2173 αύτὴν
1025 2091 1088 2173 τήν

72 2195 255 2260 θάλατταν·
285 2192 355 2260 κατ’
387 2195 492 2279 αὐτὴν
523 2190 560 2260 δὲ
589 2196 712 2279 ταύτην
739 2196 800 2278 τήν
828 2192 953 2279 ἡμέραν
984 2195 1089 2274 εὐθὺς

73 2302 162 2382 φυτά
185 2324 219 2365 τε
242 2299 298 2364 καὶ
317 2300 485 2384 σπέρματα
508 2307 614 2384 γὴθεν
638 2298 791 2364 ἀνέτειλε.
827 2309 866 2384 τῇ
891 2297 928 2366 δέ
950 2302 1086 2388 τετάρτη
1102 2321 1130 2360 κο

74 2407 248 2486 διακοσμεῖ
267 2407 326 2470 τὸν
354 2406 500 2490 οὐρανὸν
529 2406 612 2491 ἡλίῳ
636 2401 692 2468 καὶ
715 2408 837 2491 σελήνη
859 2404 915 2471 καὶ
937 2420 1006 2484 τοῖς
1029 2410 1087 2474 άλ-

71 2514 142 2585 λοις
164 2510 313 2593 ἀστροις,
342 2513 488 2593 κινήσεις
510 2509 622 2586 αὐτοῖς
646 2508 829 2587 ἐπιστείλας
850 2511 905 2577 καὶ
929 2515 1087 2598 δρόμους,

70 2606 120 2691 οἷς
134 2613 177 2679 ἀν
191 2614 229 2678 ἀί
244 2625 310 2679 τῶν
325 2615 421 2699 ὡρῶν
434 2612 612 2703 περιφοραὶ
632 2619 857 2699 σημαίνοιντο.
903 2620 989 2703 <32>
1008 2620 1088 2705 πέμ.

69 2742 132 2808 πτη
157 2715 188 2784 δ’
214 2718 320 2808 ἡμέρη
345 2722 410 2808 ζῷά
437 2745 471 2787 τε
500 2718 569 2788 κατ’
598 2721 702 2806 αύτὴν
724 2724 827 2810 νηκτά
849 2723 904 2790 καὶ
927 2728 1087 2812 μετάρσια

71 2828 110 2892 τά
134 2822 195 2911 μέν
218 2827 300 2892 κατά
322 2829 434 2910 βυθοῦ
457 2829 496 2893 τὰ
519 2824 556 2893 δὲ
580 2824 624 2893 δι’
653 2826 748 2914 ἀέρος
771 2830 887 2915 ἀνήκε,
918 2835 1086 2918 συνδησά-
1102 2851 1129 2890 ²5

72 2957 171 3018 μενος
198 2932 281 2998 αύτά
309 2937 469 3020 κοινωνία
495 2932 550 2999 καὶ
577 2934 662 3018 μίξει
687 2946 790 3020 γονὴς
818 2936 913 3003 ἕνεκα
940 2937 996 3005 καὶ
1025 2951 1086 3006 τοῦ

72 3039 298 3117 συναύξεσθαι
334 3037 389 3105 καὶ
425 3040 617 3119 πλεονάζειν
649 3041 759 3106 αὐτῶν
795 3044 856 3126 τήν
888 3047 1001 3130 φύσιν.
1046 3055 1086 3131 τῇ

74 3142 104 3210 δ’
132 3144 207 3232 ἕκτη
235 3145 340 3235 ἡμέρᾳ
368 3148 565 3231 δημιουργεῖ
589 3148 626 3211 τὸ
656 3158 722 3211 τῶν
745 3152 956 3233 τετραπόδων
979 3151 1087 3236 γένος,

72 3253 174 3338 ἀρρεν
197 3275 231 3316 τε
254 3249 309 3316 καὶ
331 3257 422 3336 θῆλυ
444 3256 596 3337 ποιήσας·
626 3251 663 3317 έν
686 3254 787 3339 ταύτη
811 3249 848 3318 δὲ
870 3256 925 3321 καὶ
948 3261 1006 3324 τὸν
1029 3261 1087 3324 ἀν-

73 3365 214 3446 θρωπον
244 3361 372 3425 ἔπλασε.
424 3360 511 3444 <33>
543 3356 598 3424 καὶ
634 3360 693 3424 τὸν
725 3361 851 3442 κόσμον
884 3360 921 3426 έν
952 3365 985 3443 ’ἐξ
1017 3379 1088 3444 ταῖς
1101 3383 1129 3422 ³0

141 3480 426 3548 §28=Gen.14.
