2460 3848
98 179 163 245 102
467 177 739 231 ΔΡΧΔΙΟΛΟΓῙΑΣ

97 342 234 409 ἐκείνων
257 345 420 426 λαβόντας
442 341 585 424 ἥδεσθαι
609 343 752 422 μᾶλλον,
782 346 839 421 τῆς
860 332 926 402 τότ’
954 334 1118 418 ἀβουλίας

96 452 144 525 είς
167 459 320 516 τοιοῦτον
344 447 510 530 ἐλθούσης
531 442 639 528 τέλος,
667 445 687 528 ἢ
710 446 894 530 δυσφορεῖν
918 441 1118 527 αἰσχυνομέ-

96 579 178 632 νους
197 553 251 620 ἐπὶ
269 565 338 630 τοῖς
355 550 604 637 ἡμαρτημένοις.
650 553 694 636 μὴ
714 546 776 617 οὐν
795 549 875 636 δόξη
894 554 1012 614 λυπεῖν
1029 549 1119 633 ὑμᾶς

96 663 134 726 τὸ
157 657 227 725 κατ’
251 658 334 743 ἐμοῦ
352 669 467 743 ψῆφον
485 658 633 741 ἐνεγκεῖν
655 659 806 743 πονηράν
829 653 884 722 καὶ
906 655 927 738 η
951 651 1001 719 ἐπ’
1029 655 1116 740 αὐτῇ

96 765 275 849 μετάνοια,
310 766 355 852 τῷ
393 788 430 848 γε
463 767 507 849 μὴ
544 774 755 850 προχωρῆσαι
786 764 826 828 τὰ
857 759 1144 846 βεβουλευμένασ

95 871 207 955 <164>
234 875 404 957 χαίροντες
436 867 498 938 οὐν
526 871 580 938 ἐπὶ
606 883 675 948 τοῖς
702 870 739 935 ἐκ
767 877 852 936 θεοῦ
882 866 1117 953 γεγενημένοις

96 978 207 1061 ἀπιτε,
229 988 332 1044 ταῦτα
355 979 563 1062 δηλώσοντες
584 986 629 1066 τῶ
653 980 768 1062 πατρί,
791 978 836 1061 μὴ
858 973 914 1041 καὶ
936 986 1008 1052 ταῖς
1029 971 1116 1061 ὑπὲρ

96 1083 192 1168 ὑμῶν
215 1088 390 1170 φροντίσιν
413 1081 600 1160 ἀναλωθεὶς
623 1085 767 1170 ζημιώδη
790 1107 856 1167 μου
876 1084 913 1148 τὸ
936 1083 1117 1149 κάλλιστον

96 1199 154 1274 τῆς
181 1191 409 1274 εὐδαιμονίας,
436 1189 516 1276 πρὶν
544 1191 590 1265 είς
618 1192 697 1267 όύιν
725 1188 839 1255 ἐλθεῖν
868 1189 929 1272 την
952 1186 1037 1271 ἐμὴν
1058 1188 1117 1254 καὶ

98 1300 293 1381 μεταλαβεῖν
315 1308 383 1362 τῶν
405 1299 580 1382 παρόντων
603 1295 742 1378 ἀγαθῶν
765 1294 958 1360 ἀποθανών.
1003 1294 1159 1378 <165>10

98 1402 200 1468 αὐτὸν
224 1400 261 1467 δὲ
283 1413 404 1469 τοῦτον
426 1401 482 1467 καὶ
500 1414 658 1486 γυναῖκας
680 1400 838 1486 ὑμετέρας
860 1400 916 1466 καὶ
938 1398 1036 1465 τέκνα
1059 1400 1117 1466 καὶ

97 1518 207 1575 πᾶσαν
233 1511 295 1593 τὴν
318 1507 514 1593 συγγένειαν
536 1508 631 1593 ὑμῶν
650 1507 870 1592 ἀναλαβόντες
894 1506 1016 1574 ἐνθάδε
1040 1531 1117 1591 μετ-

99 1619 275 1695 οικίζεσθε·
304 1615 345 1682 οὐ
373 1617 436 1700 γὰρ
465 1614 657 1699 ἀποδήμους
684 1610 769 1680 εἶναι
802 1617 856 1680 δεῖ
885 1626 952 1680 τῶν
975 1614 1117 1697 ἀγαθῶν

98 1735 165 1789 τῶν
187 1721 355 1808 ἡμετέρων
377 1725 455 1799 τοὺς
478 1720 551 1806 ἐμοὶ
573 1721 767 1806 φιλτάτους,
790 1722 897 1798 ἄλλως
920 1744 954 1786 τε
977 1719 1032 1786 καὶ
1054 1732 1117 1788 τοῦ

97 1834 197 1913 λιμοῦ
234 1829 354 1912 λοιπὴν
390 1831 438 1894 ἔτι
473 1831 645 1893 πεντετίαν
683 1827 958 1912 ὑπομενοῦντος.’
1003 1828 1158 1912 <166>1⁵

95 1930 187 1999 ταῦτ’
214 1935 317 1999 εἰπὼν
337 1931 494 2018 Ἰώσηπος
511 1935 701 2019 περιβάλλει
720 1938 797 2012 τοὺς
820 1934 995 2021 ἀδελφούς.
1027 1937 1064 1998 οἱ)
1079 1931 1112 1998 δ’

97 2037 135 2105 ἐν
158 2040 320 2126 δάκρυσιν
346 2038 432 2126 ἦσαν
459 2038 513 2106 καὶ
543 2041 631 2127 λύπη
654 2051 722 2106 τῶν
745 2037 795 2105 ἐπ’
822 2041 911 2128 αὐτῷ
935 2044 1117 2125 βεβουλευ-

96 2142 220 2229 μένων,
242 2144 297 2211 καὶ
315 2151 472 2235 τιμωρίας
491 2147 604 2226 αὐτοῖς
622 2143 724 2213 οὐδέν
746 2145 922 2212 ἀπολιπεῖν
945 2146 1053 2212 ἐδόκει
1077 2150 1115 2214 τὸ

96 2251 273 2335 εὔγνωμον
304 2254 479 2341 τάδελφοῦ.
532 2256 641 2338 <167>
673 2252 728 2319 καὶ
759 2256 832 2318 τότε
865 2250 926 2337 μὲν
958 2249 1045 2336 ἦσαν
1077 2253 1115 2318 έν

97 2357 239 2447 εὐωχίᾳ,
270 2363 426 2443 βασιλεὺς
456 2359 486 2427 δ’
514 2362 658 2438 ἀκούσας
684 2362 825 2444 ἥκοντας
851 2363 933 2445 πρὸς
953 2355 1115 2443 Ἰώσηπον
1130 2376 1157 2415 2⁰

97 2467 177 2541 τοὺς
204 2464 371 2552 ἀδελφοὺς
398 2468 487 2550 ἥσθη
515 2490 549 2532 τε
579 2468 749 2550 μεγάλως,
781 2464 835 2529 καὶ
860 2466 904 2542 ὡς
927 2462 977 2530 ἐπ’
1004 2466 1115 2555 οίκείφ

97 2571 265 2649 διατεθεὶς
288 2571 422 2660 ἀγαθῶ,
450 2583 604 2658 παρεῖχεν
634 2571 748 2647 αὐτοῖς
770 2569 894 2654 ἀμάξας
917 2576 1010 2637 σίτου
1034 2575 1117 2655 πλη-

96 2699 168 2761 ρεις
195 2677 249 2743 καὶ
281 2682 407 2764 χρυσὸν
438 2676 492 2743 καὶ
520 2672 668 2764 ἀργυρον
696 2677 906 2762 ἀποκομίζειν
935 2688 980 2766 τῷ
1005 2682 1113 2762 πατρί.

99 2786 257 2867 λαβόντες
285 2781 323 2849 δὲ
349 2789 450 2850 πλείω
480 2786 567 2871 παρὰ
590 2784 774 2871 τάδελφοῦ,
801 2787 841 2850 τά
864 2781 925 2869 μὲν
947 2794 992 2872 τῷ
1017 2782 1116 2868 πατρὶ

97 2889 216 2976 φέρειν
239 2889 329 2956 τὰδ’
357 2889 451 2956 αὐτοὶ
475 2893 601 2974 δωρεὰς
624 2895 711 2978 ἔχειν
730 2891 865 2967 ἕκαστος
889 2893 982 2973 ίδίας,
1006 2893 1116 2955 πλειό-
1131 2905 1158 2945 25

98 3020 170 3062 νων
193 2996 378 3082 ἠξιωμένου
401 2993 562 3080 Βενιαμὶν
584 2994 660 3082 παρ’
688 2998 824 3080 αὐτούς,
848 2996 986 3081 ἀπῇσαν.

68 3101 86 3166 7
170 3104 280 3187 <168>
304 3105 349 3180 ὡς
372 3101 403 3168 δ’
430 3100 641 3189 ἀφικομένων
663 3115 730 3169 τῶν
752 3103 882 3168 παίδων
902 3099 1056 3188 Ἰάκωβος
1078 3105 1119 3167 τά

98 3206 176 3293 περὶ
194 3210 253 3273 τὸν
269 3205 430 3292 Ἰώσηπον
448 3212 585 3293 ἔμαθεν,
609 3208 658 3273 ὅτι
678 3211 721 3292 μη
741 3213 846 3293 μόνον
864 3215 914 3292 είη
934 3211 993 3274 τὸν
1011 3208 1119 3274 θάνα-

99 3335 158 3378 τον
182 3315 411 3399 διαπεφευγὼς
439 3312 490 3400 ἐφ’
518 3310 543 3403 ᾧ
573 3321 709 3381 πενθῶν
733 3316 864 3398 διῆγεν,
892 3314 975 3380 ἀλλά
1001 3312 1056 3379 καὶ
1081 3317 1117 3399 ζῇ

99 3419 180 3502 μετά
215 3425 366 3504 λαμπρᾶς
402 3419 632 3505 εὐδαιμονίας,
665 3424 797 3504 βασιλεῖ
827 3418 1017 3486 συνδιέπων
1054 3420 1115 3503 την
1130 3435 1157 3476 ³⁰

172 3547 188 3607 ἓ
209 3547 259 3597 163
275 3567 308 3588 ¹·
323 3539 390 3596 Gen.
409 3541 483 3596 XLV
501 3547 525 3598 ὅ.
