2460 3848
101 159 165 225 188
468 162 742 216 ΔΡΧΑΙΟΛΟΓΙΑΣ

100 325 159 389 τὸν
174 325 256 389 λαὸν
270 327 447 401 κοινωνίας
459 322 697 407 ὑπεξελόμενος
711 321 804 407 ἱεράν
818 317 994 404 ἐσομένην,
1004 312 1119 403 ’ἥγνιζε

101 432 254 514 πηγαίοις
267 428 367 495 ὕδασι
376 428 432 494 καλ
445 428 578 506 ἀενάοις
591 426 646 494 καὶ
660 431 795 504 θυσίαις
808 426 847 503 ἃς
861 424 915 491 ἐπὶ
927 434 1000 502 τοῖς
1013 427 1119 492 τοιού-

100 559 170 612 τοις
192 539 356 619 νομίμους
374 533 574 621 παρέχονται
591 517 637 622 τηῖ
661 540 746 622 θεῷ·
769 537 831 618 την
852 556 888 597 τε
912 534 1042 616 σκηνὴν
1065 532 1119 596 αύ·

101 654 171 718 τοῖς
183 639 239 706 καὶ
256 641 297 705 τὰ
317 641 417 725 σκεύη
439 642 479 706 τά
494 641 578 727 ίερά,
599 639 655 707 καὶ
677 635 780 707 τάλλα
803 641 866 706 ὅσα
887 641 971 724 πρὸς
994 635 1118 722 σκέπην

102 756 158 830 τῆς
181 755 303 831 σκηνῆς
326 745 516 832 ἐπεποίητο,
537 746 740 831 παρέδωκεν,
763 747 851 823 ὅπως
873 743 1142 831 ὑφηγουμένων5

102 864 169 919 τῶν
185 850 301 939 ίερέων
318 853 584 940 ὑπηρετήσωσιν·
606 855 670 938 ἤδη
690 855 752 938 γὰρ
771 861 816 940 τῷ
835 858 905 940 θεηῖ
924 849 1120 937 καθιέρωτο.

67 974 83 1022 2
171 960 281 1042 <259>
304 959 360 1027 καὶ
378 960 539 1046 περὶτῶν
563 956 656 1047 ζῴων
680 955 717 1024 δδ
740 957 905 1044 διέκρινεν
929 949 1119 1045 ἑκαστονῷ

102 1088 137 1130 τε
155 1062 331 1152 τρέφοιντο
350 1064 404 1131 καλ
424 1062 465 1132 οὗ
483 1067 585 1132 πάλιν
606 1064 802 1150 ἀπεχόμενοι
826 1066 1021 1148 διατελοῖεν,
1044 1061 1121 1148 περὶ

104 1165 167 1255 ὧν,
191 1170 228 1237 ἐν
251 1163 302 1248 οἷς
323 1171 366 1237 ἀν
388 1173 469 1257 ἡμῖν
492 1172 626 1259 ἀφορμὴ
649 1180 707 1254 τῆς
728 1179 858 1256 γραφῆς
880 1167 1031 1254 γένηται,
1056 1171 1122 1234 διε-

104 1280 312 1362 λευσόμεθα,
338 1278 396 1356 τὰς
422 1281 528 1356 αίτίας
554 1275 790 1363 προστιθέντες
812 1274 870 1362 ὑφ’
899 1270 946 1341 ὧν
969 1273 1156 1359 κινηθεδςω

104 1384 144 1448 τά
173 1380 234 1467 μέν
262 1384 371 1450 αὐτῶν
402 1385 513 1469 βρωτά
545 1383 625 1468 ημῖν
653 1381 825 1448 ἐκέλευσεν
852 1377 959 1466 εἶναι,
988 1392 1058 1446 τῶν
1087 1377 1124 1446 δέ

104 1488 303 1576 προσέταξεν
331 1487 520 1576 ἀπέχεσθαι.
567 1489 675 1572 <260>
699 1489 835 1572 αἵματος
862 1485 975 1572 μέντοι
998 1489 1124 1564 παντὸς

105 1600 154 1675 είς
181 1598 311 1684 τροφὴν
338 1596 544 1682 ἀπηγόρευσε
570 1597 631 1679 την
659 1603 796 1680 χρῆσιν,
821 1596 934 1680 ψυχὴν
962 1592 1124 1660 αὐτὸκαὶ

105 1713 235 1788 πνεῦμα
253 1707 405 1787 νομίζων.
441 1700 497 1767 καὶ
515 1699 618 1786 κρέως
635 1711 696 1768 τοῦ
714 1704 915 1785 τεθνηκότος
932 1701 1125 1785 αὐτομάτως

107 1807 192 1896 ζηίον
214 1810 276 1891 τὴν
298 1811 425 1893 βρῶσιν
449 1808 666 1892 διεκώλυσεν,
689 1806 829 1873 ἐπίπλου
852 1830 886 1872 τε
910 1805 966 1872 καὶ
989 1805 1125 1883 στέατος
1137 1825 1161 1866 15

107 1917 234 1996 αίγείου
260 1910 316 1977 καὶ
342 1915 544 1997 προβατείου
570 1911 708 1979 καὶτοῦ
736 1925 804 1978 τῶν
827 1915 918 1998 βοῶν
941 1910 1125 1998 ἀπέχεσθαι

105 2018 280 2104 προειπών.

73 2140 89 2188 3
177 2125 285 2207 (261)
309 2123 456 2208 ἀπήλασε
480 2120 518 2189 δὲ
545 2133 602 2208 τῆς
628 2127 756 2201 πόλεως
777 2123 834 2190 καὶ
856 2128 934 2202 τοὺς
957 2123 1061 2214 λέπρᾳ
1085 2128 1125 2191 τά

109 2232 242 2315 σώματα
269 2229 480 2308 κακωθέντας
507 2228 561 2297 καὶ
589 2234 667 2307 τοὺς
693 2233 848 2317 περιττὴν
876 2235 981 2316 γονὴν
1009 2230 1125 2318 ῥεομέ-

108 2361 197 2414 νους.
242 2335 377 2413 καὶτὰς
399 2349 558 2420 γυναῖκας
581 2334 610 2402 δ’
635 2329 686 2413 αἷς
708 2337 728 2420 ἡ
751 2347 818 2401 τῶν
841 2337 1048 2422 κατὰφύσιν
1072 2341 1125 2403 ἐκ·
1138 2357 1164 2397 ω

107 2459 215 2527 κρισις
234 2442 331 2526 ἐπίοι,
354 2440 528 2527 μετέστησε
551 2445 634 2528 πρὸς
656 2439 781 2527 ἡμέραν
805 2440 963 2526 ἑβδόμην,
986 2441 1063 2527 μεθ’
1080 2446 1125 2528 ἣν

109 2548 154 2624 ὡς
175 2549 239 2633 ἤδη
263 2554 426 2633 καθαραῖς
444 2547 600 2632 ἐνδημεῖν
623 2547 765 2632 ἐφίησιν.
812 2549 921 2632 <262>
941 2549 1063 2633 ὁμοίως
1086 2549 1126 2616 δέ

108 2651 164 2720 καί
188 2666 257 2731 τοῖς
279 2656 460 2738 κηδεύσασι
486 2656 607 2739 νεκρὸν
637 2655 717 2737 μετά
739 2655 900 2730 τοσαύτας
922 2653 1045 2741 ἡμέρας
1067 2661 1125 2722 νό-

82 2784 211 2846 ·μιμον
234 2763 272 2827 τὸ
296 2759 461 2845 ἐνδημεῖν.
497 2763 556 2825 τὸν
580 2755 610 2826 δ’
636 2755 720 2844 ὑπὲρ
744 2761 803 2825 τὸν
826 2759 973 2845 ἀριθμὸν
995 2763 1125 2828 τούτων

109 2878 176 2933 τῶν
203 2866 336 2952 ἡμερῶν
364 2866 561 2951 ἐνεχόμενον
589 2865 626 2930 ἐν
653 2875 698 2953 τῷ
729 2866 886 2950 μιάσματι
907 2869 1008 2932 θύειν
1030 2872 1126 2953 νόμι-
1141 2887 1167 2927 οε

110 2998 175 3057 μον
198 2973 346 3058 ἀμνάδας
365 2973 439 3053 δύο,
462 2965 509 3036 ὧν
528 2973 588 3056 τὴν
607 2967 668 3056 μέν
688 2970 803 3056 ἑτέραν
825 2976 1017 3056 καθαγίζειν
1041 2976 1126 3057 δεῖν;

110 3081 171 3163 τὴν
200 3077 229 3145 δ’
257 3075 371 3164 ἑτέραν
399 3078 434 3143 οί
460 3078 558 3164 ἱερεῖς
585 3079 823 3163 λαμβάνουσιν.
869 3080 979 3162 <263>
1004 3079 1127 3163 ὁμοίως

111 3181 151 3249 δέ
174 3186 298 3251 θύουσι
325 3182 381 3250 καὶ
407 3184 483 3270 περὶ
512 3195 572 3251 τοῦ
598 3186 660 3270 τὴν
685 3189 788 3270 γονὴν
812 3184 982 3271 ῥεομένου.
1029 3186 1065 3262 ὃς
1089 3183 1122 3252 δ’

182 3340 415 3406 §258=Num.
436 3342 518 3397 1115.
609 3342 946 3407 §259=Levit.XI1.
1038 3347 1126 3408 §260

110 3427 403 3496 =Levit.xv1110;
428 3431 528 3496 x139;
550 3430 603 3485 vn
618 3437 659 3485 ιε.
710 3437 727 3497 ς
744 3436 796 3486 ιιι
812 3457 845 3476 =
859 3428 948 3485 Lavit.
962 3429 1124 3485 κισ-αν.

89 3523 111 3584 §
126 3525 186 3574 262
199 3547 236 3567 =
248 3519 341 3579 Levit.
362 3520 416 3579 XV
435 3527 460 3582 2.
