2460 3848
118 127 184 193 238
484 128 758 181 ffmvomz

118 291 281 376 ἄρχεσθαι
300 295 407 366 καλῶς
424 290 548 366 είδότες
567 286 622 353 καὶ
643 290 759 373 άρχειν
781 292 927 353 είσονται
949 292 1145 372 παρελθόν-

119 419 172 474 τες
194 399 242 474 είς
265 394 420 475 ἐξουσίαν
438 394 554 477 αὐτοῦ,
575 397 637 479 τήν
659 391 689 459 τ’
712 393 909 481 ἐλευθερίαν
931 394 1076 477 ἡγεῖσθε
1100 397 1145 479 μή

120 506 157 570 τὸ
180 511 466 590 προσαγανακτεῖν
494 491 544 577 οἷς
567 499 609 566 δν
638 500 724 585 ὑμᾶς
746 501 782 567 οί
801 501 960 586 ἡγεμόνες
982 501 1145 585 πράττειν

121 608 266 689 ἀξιῶσιν.
312 607 422 690 <187>
448 614 514 672 νῦν
541 602 603 690 μὲν
634 607 698 691 γάρ
727 605 764 672 ἐν
791 614 837 694 τῷ
865 608 944 683 τοὺς
966 606 1146 692 εὐεργέτας

118 715 281 802 ὑβρίζειν,
309 710 346 778 ἐν
368 711 476 800 τούτῳ
498 712 560 796 τήν
582 716 770 799 παρρησίαν
793 716 945 779 τίθεσθε·
970 711 989 777 ὃ
1014 714 1058 798 δή
1083 724 1169 781 τοῦδ
1221 752 1223 803 2

119 825 238 909 λοιποῦ
261 815 521 904 φυλαττομένοις
538 816 620 902 ὑμῖν
643 819 782 902 ἄμεινον
805 817 870 896 ἕξει
893 819 932 884 τά
955 819 1143 904 πράγματα·

120 926 230 1010 <188>
253 921 337 1010 μηδὲ
360 926 420 1009 τήν
450 931 526 1009 ίσην
550 923 603 990 ἐπὶ
631 925 761 1002 τούτοις
784 924 889 1010 ὀργήν
911 945 989 991 ποτε
1015 928 1143 1011 λαμβά·

119 1054 203 1115 νετε,
226 1025 247 1118 ή
265 1028 335 1097 κατ’
360 1030 442 1116 ἐμοῦ
460 1031 618 1108 πολλάκις
637 1029 836 1115 ἐτολμήσατε
856 1036 1016 1117 χρῆσθαι·
1040 1034 1143 1114 γινώ-

120 1153 211 1202 σκετε
238 1138 302 1223 γὰρ
331 1139 375 1214 ὡς
403 1136 578 1214 πλεονάκις
607 1135 825 1203 ἐκινδύνευσα
853 1132 912 1221 ὑφ’
939 1136 1037 1220 ὑμῶν
1059 1136 1143 1204 άπο-

119 1249 241 1310 θανεῖν
267 1243 288 1328 ή
316 1243 381 1310 ὑπὸ
413 1254 480 1310 τῶν
512 1247 689 1327 πολεμίων.
740 1243 851 1327 <189>
880 1252 982 1308 ταῦτα
1014 1238 1046 1306 δ’
1080 1243 1143 1310 ούκ
1156 1260 1179 1300 1⁰

120 1349 292 1429 ὀνειδίζων
323 1350 409 1436 ὑμᾶς
437 1346 635 1435 προυθέμην
662 1349 718 1434 (οὐ
747 1349 810 1433 γάρ
844 1344 893 1412 ἐπ’
928 1345 1047 1424 ἐξόδου
1080 1361 1143 1417 τοῦ

120 1460 178 1542 ζήν
209 1459 489 1543 δυσχεραίνοντας
517 1459 709 1520 καταλιπεῖν
736 1452 853 1538 ήξίουν
880 1455 928 1531 είς
950 1454 1142 1540 ἀνάμνησιν

119 1562 252 1651 φέρων,
284 1559 367 1648 μηδὲ
394 1559 471 1649 παρ’
500 1559 540 1626 δν
567 1562 711 1646 ἔπασχον
739 1560 822 1626 αὐτὰ
852 1563 970 1648 καιρὸν
993 1559 1032 1626 ἐν
1056 1561 1142 1649 ὀργή

120 1667 313 1755 γενόμενος)
346 1666 417 1733 ἀλλ’
445 1667 529 1732 ὥστε
557 1675 618 1732 τοῦ
649 1668 880 1753 σωφρονήσειν
909 1665 995 1750 ὑμᾶς
1024 1670 1073 1745 είς
1103 1672 1141 1736 τὸ

120 1775 242 1861 μέλλον
265 1770 337 1841 κατ’
364 1772 446 1839 αύτό
474 1795 511 1854 γε
535 1768 624 1838 τοῦτ’
652 1768 796 1857 άσφαλές
819 1767 923 1856 εἶναι,
955 1771 1009 1838 καὶ
1033 1772 1142 1858 μηδὲν
1155 1789 1180 1831 ιι

121 1884 169 1958 είς
190 1884 269 1958 τοὺς
290 1881 532 1966 προεστηκότας
550 1875 720 1964 ἐξυβρίσαι
740 1879 796 1945 διὰ
818 1884 977 1962 πλοῦτον,
1000 1876 1037 1954 ὃς
1060 1878 1144 1964 ὑμῖν

120 1989 225 2064 πολὺς
248 1988 383 2069 διαβᾶσι
405 1987 465 2051 τὸν
486 1981 661 2071 Ἰορδάνην
683 1983 740 2050 καὶ
762 1986 824 2069 τήν
848 1988 1044 2051 Χαναναίαν
1066 2010 1145 2071 κτη-

122 2089 279 2177 σαμέμοις
287 2094 528 2178 περιστήσεται,
550 2091 661 2175 <19Ο>
671 2089 741 2155 ἐπεὶ
749 2088 975 2176 προαχθέντες
984 2093 1031 2168 είς
1044 2116 1144 2158 κατα-

121 2201 286 2284 φρόνησιν
296 2196 352 2263 ὑπ’
386 2198 489 2265 αὐτοῦ
503 2195 559 2263 καὶ
572 2205 630 2281 τής
644 2196 761 2284 άρετής
774 2197 966 2282 ὀλιγωρίαν,
989 2196 1143 2265 ἀπολεῖτε

121 2302 176 2370 καὶ
194 2305 255 2388 τήν
270 2304 406 2369 εὔνοιαν
420 2305 482 2389 τήν
500 2305 589 2390 παρά
602 2313 663 2370 τοῦ
675 2310 770 2370 θεοῦ.
803 2305 999 2385 ποιήσαντες
1014 2299 1052 2369 δέ
1066 2313 1143 2370 τοῦ·
1157 2323 1183 2363 20

122 2436 182 2478 τον
212 2410 352 2498 ἐχθρόν,
381 2412 442 2493 τήν
470 2433 504 2476 τε
535 2419 617 2495 γῆν,
644 2410 687 2493 ήν
711 2413 891 2495 κτήσεσθε,
921 2409 1144 2495 κρατηθέντες

123 2518 237 2596 ὅπλοις
254 2513 311 2582 ὑπ’
334 2515 444 2581 αὐτῶν
463 2511 564 2592 αὖθις
582 2515 854 2600 ἀφαιρεθήσεσθε
873 2517 953 2601 μετὰ
976 2520 1142 2600 μεγίστων

102 2623 279 2708 ,ὀνειδῶν,
306 2617 362 2684 καὶ
385 2618 625 2696 σκεδασθέντες
648 2621 704 2684 διὰ
731 2630 788 2705 τῆς
811 2620 1008 2707 οἰκουμένης
1030 2632 1142 2692 πᾶσαν

122 2726 302 2812 ἐμπλήσετε
325 2727 386 2808 τήν
410 2734 476 2809 γήν
494 2727 550 2790 καί
572 2724 743 2791 θάλατταν
765 2736 822 2810 τῆς
845 2727 954 2793 αὑτῶν
978 2730 1141 2808 δουλείας.

122 2833 233 2917 <191>
252 2834 343 2898 ἔσται
361 2827 392 2897 δ’
409 2831 490 2916 ὑμῖν
508 2832 637 2897 τούτων
659 2842 778 2916 πεῖραν
802 2834 1031 2918 λαμβάνουσιν
1054 2834 1141 2901 άνω-
1156 2852 1181 2895 ιι

122 2940 225 3024 φελής
246 2938 268 3022 ή
292 2937 448 3023 μετάνοια
470 2935 526 3003 καὶ
551 2937 573 3021 ή
600 2948 668 3003 τῶν
696 2938 737 3004 ού
760 2939 1003 3025 φυλαχθέντων
1025 2944 1142 3025 νόμων

123 3044 315 3129 ἀνάμνησις.
361 3045 445 3110 ὅθεν
477 3046 508 3110 εί
533 3044 715 3128 βούλοισθε
743 3047 882 3122 τούτους
910 3047 992 3130 ὑμῖν
1015 3045 1142 3132 μένειν,

122 3162 190 3217 τῶν
219 3155 387 3236 πολεμίων
419 3149 564 3235 μηδένας
592 3151 801 3235 ὑπολίπησθε
831 3156 1052 3237 κρατήσαντες
1081 3154 1142 3221 αὖ·

123 3269 206 3342 τῶν,
234 3258 318 3325 ἀλλὰ
345 3257 469 3333 πάντας
491 3256 676 3323 ἀπολλύναι
698 3261 831 3342 κρίνατε
855 3257 1056 3344 συμφέρειν,
1084 3261 1142 3327 ἵνα

124 3367 168 3450 μή
194 3366 325 3445 ζώντων
347 3363 635 3451 παραγευσάμενοι
662 3371 719 3446 τῆς
742 3361 879 3430 ἐκείνων
903 3365 1142 3459 ἐπιτηδεύσεως
1156 3386 1183 3426 ιο

185 3493 205 3556 §
224 3493 279 3546 190
293 3515 329 3537 =
342 3486 459 3546 Denter.
477 3485 517 3542 IV
535 3490 578 3542 26.
