2460 3848
518 138 645 190 Πεανεε
1045 138 1086 203 31

69 321 149 382 μον,
171 300 336 384 Ναχώρης
354 295 391 364 δὲ
406 299 541 384 Θάρρον
554 301 704 366 εἰκοστὸν
723 299 821 376 αὐτὸς
838 297 894 364 καὶ
912 297 1088 366 ἑκατοστὸν

69 406 144 481 ἔτος
175 405 239 488 ἤδη
273 407 418 488 γεγονὼς
450 402 615 491 ἐγέννησε.
661 407 821 495 Σερούγῳ
854 403 892 471 δὲ
923 408 1089 492 Ναχώρης

69 513 213 576 τίκτεται
243 509 319 596 περὶ
349 514 421 588 έτος
448 513 605 597 δεύτερον
632 511 686 578 καὶ
714 515 910 599 τριακοστὸν
936 512 992 578 καὶ
1016 510 1088 577 ἕκα-

69 619 199 682 τοστόν.
240 613 397 700 Ῥάγανος
429 613 467 682 δὲ
498 622 672 704 Σεροῦγον
704 621 799 703 ἔσχεν
827 621 882 702 ἔτη
912 620 1088 704 τριάκοντα

42 722 219 806 σγεγονώς
236 725 319 807 πρὸς
336 734 405 800 τοῖς
420 721 545 789 ἑκατόν.
591 723 628 788 έν
647 721 684 789 δὲ
702 735 771 801 τοῖς
789 725 902 802 αὐτοῖς
924 728 1010 790 έτεσι
1032 722 1088 789 καὶ

63 826 227 923 Ῥάγανον
256 830 404 907 Φάλεκος
436 833 541 915 ἔσχεν.
585 830 695 913 <150>
714 828 852 916 Ἕβερος
881 827 918 895 δὲ
946 831 1088 919 τετάρτῳ

68 933 125 1000 καὶ
148 945 330 1023 τριακοστῷ
353 939 435 1022 πρὸς
458 948 527 1012 τοῖς
550 933 667 1002 ἑκατὸν
690 947 793 1024 γεννᾷ
817 939 983 1024 Φάλεκον,
1014 962 1088 1022 γεν-

68 1039 189 1125 νηθεὶς
217 1043 316 1120 αὐτὸς
341 1042 407 1108 ὑπὸ
430 1043 526 1108 Σάλα
553 1046 749 1128 τριακοστὸν
777 1046 848 1120 ἔτος
878 1046 1011 1129 ἔχοντος
1032 1043 1088 1110 καὶ

69 1145 264 1232 ἑκατοστόν,
287 1148 327 1213 δν
347 1145 553 1234 Ἀρφαξάδης
575 1146 733 1214 ἐτέκνωσε
757 1150 839 1214 κατά
862 1148 1009 1233 πέμπτον
1032 1148 1087 1214 καὶ

29 1277 56 1317 10
69 1258 268 1340 τριακοστὸν
290 1263 347 1338 τῆς
369 1255 498 1339 ἡλικίας
520 1258 591 1331 ἔτος
613 1257 695 1340 πρὸς
717 1267 786 1332 τοῖς
809 1253 935 1320 ἑκατόν.
967 1258 1087 1340 Σημον

70 1357 108 1427 δέ
126 1361 201 1438 υίὸς
219 1357 425 1448 Ἀρφαξάδης
441 1356 496 1446 ἦν,
519 1357 587 1446 μετ’
610 1363 665 1444 έτη
686 1363 814 1426 δώδεκα
831 1370 889 1444 τῆς
908 1360 1088 1446 ἐπομβρίας

69 1469 259 1551 γενόμενος.
295 1465 463 1553 Ἀβραμος
486 1464 516 1531 δ’
543 1463 630 1552 εἶχεν
653 1466 819 1552 ἀδελφοὺς
841 1470 1009 1554 Ναχώρην
1032 1466 1087 1532 καὶ

66 1570 220 1659 Ἀράνην.
266 1574 375 1657 <151>
394 1574 522 1639 τούτων
542 1569 682 1658 Ἀράνης
704 1569 777 1655 με’ν,
800 1574 988 1636 καταλιπὼν
1010 1574 1087 1638 υίὸν

69 1683 191 1746 Λῶτον
218 1677 274 1745 καὶ
296 1680 435 1766 Σάρραν
461 1677 517 1744 καὶ
538 1680 678 1765 Μελχὰν
701 1676 906 1764 θυγατέρας,
939 1677 976 1742 έν
1000 1682 1087 1742 Χαλ-

30 1807 57 1847 ιε
70 1787 180 1863 δαίοις
208 1784 395 1870 ἀπέθανεν,
425 1784 462 1851 έν
490 1788 585 1851 πόλει
610 1786 702 1871 Οὐρῇ
727 1784 886 1872 λεγομένη
910 1797 976 1851 τών
1000 1790 1087 1850 Χαλ-

70 1894 189 1977 δαίων,
210 1891 266 1958 καὶ
288 1893 392 1977 τάφος
409 1893 512 1958 αὐτοῦ
535 1891 629 1979 μέχρι
651 1903 715 1959 νῦν
739 1896 920 1959 δείκνυται·
944 1902 1087 1978 γαμοῦσι

70 1994 109 2065 δὲ
138 1999 196 2076 τάς
225 1999 407 2084 ἀδελφιδᾶς
432 2000 572 2084 Μελχὰν
605 1996 666 2082 μέν
694 2001 858 2084 Ναχώρης
886 2000 1025 2085 Σάρραν
1049 1996 1086 2064 δὲ

61 2101 239 2189 Ἀβραμος.
284 2106 393 2190 <152>
413 2105 548 2191 Θάρρου
568 2102 605 2170 δὲ
623 2109 821 2188 μισήσαντος
839 2107 900 2188 τὴν
915 2107 1088 2169 Χαλδαίαν

72 2211 130 2274 διδ
153 2211 191 2275 τὸ
210 2206 350 2294 Ἀράνον
368 2209 504 2295 πένθος,
528 2215 764 2295 μετοικίζονται
787 2211 906 2286 πάντες
928 2212 975 2286 είς
998 2213 1086 2294 Χαρ-

30 2337 59 2377 εο
74 2314 139 2398 ράν
156 2321 213 2395 τῆς
224 2317 492 2400 Μεσοποταμίας·
517 2317 600 2382 ὅπου
618 2315 674 2380 καὶ
695 2316 829 2402 Θάρρον
847 2319 1086 2400 τελευτήσαντα

71 2419 274 2506 θάπτουσιν,
304 2425 359 2505 έτη
390 2425 557 2507 βιώσαντα
583 2421 679 2489 πέντε
702 2422 758 2488 καὶ
782 2425 943 2490 διακόσια.
989 2442 1085 2489 συνε-

69 2524 204 2611 τέμνετο
234 2529 297 2614 γάρ
327 2529 391 2611 ἤδη
421 2540 490 2606 τοῖς
513 2528 705 2613 ἀνθρώποις
727 2527 796 2594 κατ’
829 2531 944 2613 ὀλίγον
966 2533 1003 2596 τὸ
1029 2534 1087 2613 ζην

69 2631 123 2698 καὶ
146 2635 351 2720 βραχύτερον
375 2633 512 2718 ἐγίνετο,
535 2632 630 2719 μέχρι
652 2644 709 2718 τῆς
726 2635 892 2712 Μωυσέος
914 2634 1085 2720 γενέσεως,

69 2735 145 2823 μεθ’
172 2739 213 2805 δν
236 2739 315 2825 ὅρος
337 2735 379 2822 ἦν
397 2751 457 2806 τοῦ
478 2743 535 2825 ζῆν
559 2738 675 2807 ἑκατὸν
698 2744 753 2826 ἔτη
772 2745 854 2828 πρὸς
876 2753 945 2818 τοῖς
969 2749 1086 2823 εἴκοσι,

29 2862 55 2904 τε
67 2842 207 2911 τοσαῦθ’
235 2846 410 2930 ὁρίσαντος
427 2856 488 2911 τοῦ
509 2852 609 2930 θεοῦ,
633 2847 695 2912 ὅσα
712 2846 768 2912 καὶ
783 2829 937 2930 Μωυσῆν
960 2844 1084 2928 συνέβη

68 2955 196 3036 βιῶναι.
243 2952 352 3035 <153>
370 2952 517 3038 Ναχώρη
536 2949 597 3036 μὲν
622 2947 683 3018 οὖν
707 2952 743 3017 έκ
766 2962 823 3035 τῆς
840 2954 977 3034 Μελχᾶς
999 2950 1085 3014 ὀκτώ

67 3059 183 3134 παῖδες
207 3056 377 3140 ἐγένοντο,
402 3053 524 3142 Οὖξος,
551 3057 715 3141 Βάονξος,
738 3057 953 3140 Καμούηλος,
981 3054 1049 3133 Χάζ
1070 3096 1084 3105 -

69 3160 294 3247 δος,Ἀζαυος,
310 3165 450 3246 Φελδᾶς,
471 3160 652 3248 Ἰελδάφας,
665 3163 873 3244 Βαθούηλος.
911 3157 1003 3227 οὗτοι
1022 3160 1084 3247 μὲν

66 3271 236 3354 Ναχώρου
255 3272 370 3345 παῖδες
388 3271 532 3352 γνήσιοι·
560 3271 702 3351 Ταβαῖος
719 3267 782 3352 γάρ
806 3267 860 3332 καὶ
875 3269 1007 3354 Γάαμος
1028 3268 1086 3335 καὶ

27 3393 54 3433 ³⁰
71 3375 202 3460 Τάβαος
229 3373 284 3439 καὶ
311 3376 433 3461 Μάχας
461 3373 497 3438 ἐκ
519 3373 657 3458 Ῥουμᾶς
684 3378 851 3458 παλλακῆς
879 3375 966 3464 αὐτῷ
991 3378 1084 3459 γεγό-

140 3496 357 3561 ςιιοεοαι.
378 3496 416 3549 xl
436 3501 479 3550 νε.
553 3496 770 3560 5153=Gen¹
790 3495 867 3550 xxfl
886 3503 928 3551 νο.
