2460 3848
550 140 660 191 ΤΡΙΤΗ
1049 135 1114 200 193

96 312 164 367 τῶν
192 297 253 385 μέν
280 311 415 385 καρπῶν
442 300 633 378 πλεονάζειν
661 295 870 384 εὑρεθέντων
898 295 1114 384 προσδέχεται

96 410 156 473 τὸν
180 406 284 493 ἀγρὸν
303 407 321 474 δ
341 407 557 491 ἀποδόμενος,
580 403 691 473 τοῦδ’
715 405 928 489 ἀναλώματος
949 405 1114 490 ύπερβάλ·

97 519 230 598 λοντος,
252 510 336 599 ὑπὲρ
360 524 420 580 τοῦ
443 517 614 590 λείποντος
636 513 831 598 καταβαλών
854 514 891 578 τὸ
916 511 1114 595 ίκνούμενου

97 619 262 699 ἐξίσταται
284 627 341 703 τῆς
358 622 514 703 κτήσεως·
540 625 621 684 ῖσων
641 615 678 684 δέ
701 614 1024 704 συναριθμουμένων
1046 627 1114 682 τῶν

68 744 132 792 ὅτε
155 736 291 811 καρπῶν
318 723 374 790 καὶ
403 735 469 789 τῶν
492 723 733 809 ἀναλωμάτων,
762 723 946 790 ἀποδίδωσι
969 734 1038 801 τοῖς
1059 720 1115 788 καλ

97 834 261 916 πρότερον
284 836 467 915 νεμηθεῖσι.
506 831 616 913 <285>
635 830 734 896 ταύτὸ
759 826 796 895 δὲ
819 828 875 896 καὶ
897 827 951 895 ἐπὶ
973 841 1044 907 ταῖς
1068 831 1115 896 οί-

98 941 185 1013 κίαις
202 939 345 1021 νόμιμον
365 936 492 1022 ἰσχύειν
510 933 654 1020 ἠθέλησε
672 946 744 1012 ταῖς
760 937 842 1000 κατά
860 937 971 1021 κώμας
992 957 1116 1021 πεπρα-

99 1041 230 1128 μέναις·
258 1040 334 1128 περὶ
356 1043 419 1128 γάρ
442 1052 509 1108 τῶν
533 1041 570 1108 ἐν
593 1051 632 1128 τῆ
654 1046 750 1108 πόλει
771 1040 991 1127 πεπραμένων
1014 1045 1116 1124 ἐγνω-

99 1173 157 1215 κεν
191 1146 317 1234 ἑτέρως.
364 1150 395 1213 εί
424 1145 485 1233 μέν
518 1149 581 1234 γάρ
613 1150 678 1233 πρὸ
710 1156 771 1213 τοῦ
807 1152 1025 1232 τελειωθῆναι
1056 1150 1115 1215 τὸν

57 1275 86 1316 1⁰
100 1255 255 1322 ἐνιαυτὸν
278 1255 457 1339 καταβάλοι
480 1253 679 1340 τάργύριον,
702 1253 876 1336 ἀναγκάζει
898 1256 957 1320 τὸν
980 1254 1116 1340 πριάμε-

99 1386 162 1428 νον
185 1360 383 1429 ἀποδοῦναι·
407 1362 439 1425 εί
461 1357 498 1426 δέ
520 1365 641 1445 πλῆρες
663 1357 793 1442 γένοιτο
817 1361 854 1424 τὸ
878 1362 964 1443 ἔτος,
986 1363 1120 1444 βεβαιοῖ

99 1470 162 1552 τῆν
185 1478 301 1551 κτῆσιν
322 1476 367 1555 τῷ
386 1464 566 1556 πριαμένῳ.
613 1467 724 1550 <286>
742 1466 866 1549 ταύτην
883 1468 1034 1548 Μωυσῆς
1056 1467 1118 1549 την

100 1682 162 1764 τῆν
182 1680 349 1765 στρατιάν,
373 1678 511 1764 ἐξέμαθε
529 1681 618 1764 παρά
636 1689 696 1744 τοῦ
714 1683 810 1762 θεοῦ,
828 1675 883 1743 καὶ
902 1687 971 1753 τοῖς
988 1674 1119 1782 Ἑβραί-

59 1803 87 1844 15
102 1809 152 1862 οις
174 1783 404 1871 γεγραμμένην
426 1786 664 1882 παραδίδωσιν.

170 1891 278 1974 <287>
298 1890 410 1975 έπειδῆ
434 1888 472 1956 δὲ
489 1895 597 1968 καλῶς
619 1891 708 1978 αύτῷ
732 1891 771 1955 τά
793 1886 868 1975 περὶ
891 1890 953 1973 τῆν
975 1894 1118 1974 νομοθε-
1138 1906 1156 1955 4

103 2001 180 2062 σίαν
204 1999 291 2082 ἔχειν
314 1996 438 2080 έδόκει,
465 1999 548 2081 πρὸς
571 1994 717 2075 ε’ξέτασιν
740 2006 799 2062 τοῦ
824 2003 965 2080 στρατοῦ
988 1997 1025 2062 τὸ
1049 2000 1118 2061 λοι-

103 2105 168 2167 πὸν
201 2100 344 2186 ἐτράπη,
380 2113 447 2166 τῶν
483 2106 672 2186 πολεμικῶν
707 2103 771 2185 ῆδη
804 2101 885 2166 κατά
917 2109 1001 2166 νοῦν
1034 2103 1119 2184 έχων

104 2209 276 2272 ἅπτεσθαι.
322 2206 515 2291 προστάττει
548 2203 586 2272 δέ
616 2218 686 2283 τοῖς
716 2207 917 2291 φυλάρχοις,
943 2206 1031 2289 πλὴν
1063 2213 1120 2288 τῆς

61 2335 90 2376 ιο
104 2312 281 2386 Λευίτιδος
302 2315 425 2394 φυλῆς,
455 2309 598 2396 ἀκριβῶς
619 2315 678 2377 τὸν
701 2311 848 2397 ἀριθμὸν
872 2311 1031 2397 ἐκμαθεῖν
1053 2322 1120 2377 τῶν

105 2417 344 2502 στρατεύεσθαι
372 2414 582 2501 δυναμένων·
611 2415 695 2504 ίερολ
722 2419 785 2504 γάρ
813 2414 899 2502 ἦσαν
927 2419 963 2484 ολ
982 2423 1121 2483 Λευῖται

103 2522 160 2589 καὶ
187 2522 320 2589 πάντων
348 2522 481 2601 ἀτελεῖς.
527 2525 637 2608 <288>
661 2517 855 2610 γενομένης
869 2522 906 2590 δὲ
935 2533 992 2609 τῆς
1015 2524 1121 2603 έξετά-

106 2645 189 2707 σεως
222 2628 411 2716 εὑρέθησαν
447 2631 605 2716 μυριάδες
637 2628 794 2715 ἑξήκοντα
832 2643 899 2697 τῶν
935 2631 1122 2698 ὁπλιτεύειν
1172 2688 1178 2698 .

107 2734 323 2821 δυναμένων,
355 2748 421 2803 τῶν
452 2734 507 2801 ἀπ’
539 2744 665 2803 εῖκοσιν
698 2737 781 2804 ἐτῶν
813 2738 875 2815 ἕως
905 2741 1121 2822 πεντήκοντα,

66 2860 92 2902 2⁶
106 2841 161 2908 καὶ
188 2846 363 2929 τρισχίλιοι
392 2845 475 2928 πρὸς
503 2841 684 2921 ἑξακοσίοις
710 2842 765 2909 καὶ
788 2847 1000 2928 πεντήκοντα.
1046 2841 1120 2906 ἀντὶ

88 2945 145 3014 ’δέ
167 2947 252 3014 Λευὶ
275 2946 444 3026 κατέλεξεν
468 2949 515 3024 εἰς
537 2952 615 3026 τοὺς
637 2949 828 3033 φυλάρχους
849 2951 1039 3030 Μανασσῆν
1062 2949 1121 3012 τὸν

104 3050 265 3138 Ἰωσήπου
289 3055 391 3119 παῖδα
413 3051 469 3118 καὶ
489 3050 672 3139 Ἐφραλμην
691 3051 765 3118 ἀντὶ
787 3062 847 3119 τοῦ
867 3050 1038 3136 Ἰωσήπου.
1069 3050 1122 3118 δέ-

107 3176 182 3243 ησις
214 3156 244 3225 δ’
278 3154 321 3242 ἦν
353 3159 435 3242 αύτη
462 3154 620 3241 Ἰακώβου
655 3159 737 3241 πρὸς
770 3153 930 3240 Ἰώσηπον
963 3162 1122 3243 ποιητοὺς

109 3266 197 3353 αύτῷ
223 3277 405 3352 παρασχεῖν
427 3266 506 3341 τοὺς
528 3265 664 3346 παῖδας,
687 3263 731 3340 ώς
753 3260 809 3327 καὶ
832 3274 1002 3348 προεῖπον.

68 3391 95 3430 ³⁰
176 3372 285 3456 <289>
309 3373 493 3456 πηγνύντες
516 3367 553 3436 δὲ
576 3372 637 3455 τῆν
661 3370 786 3453 σκηνῆν
809 3367 913 3454 μέσην
936 3369 1161 3454 ἀπελάμβα-ει

181 3498 196 3557 ς
216 3498 269 3546 εει
282 3519 316 3538 =
330 3492 417 3549 Levit.
437 3492 515 3548 xxv
536 3497 578 3550 14.
653 3496 837 3562 ςιεκ-εεο
853 3486 1122 3544 amx-m.

124 3599 125 3603 ε
151 3590 280 3630 mmm
293 3591 312 3630 ι.
967 3583 1009 3632 ιε
