2460 3848
142 167 186 233 54
506 167 780 220 ΑΡΧΑΙΟΑΟΓΙΑΣ

140 337 257 413 λυτον,
275 327 431 413 Ῥοωβὼθ
459 331 496 394 τὸ
519 326 625 412 φρέαρ
650 328 835 410 ὠνόμασεν·
858 323 1050 410 εὐρύχωρον
1074 324 1158 391 ιἰπο-

141 440 292 521 σημαίνει
324 435 480 518 τοῦνομα.
525 445 592 499 τῶν
622 429 659 498 δέ
686 430 856 518 προτέρων
884 433 921 496 τὸ
949 427 1011 514 μέν
1033 430 1160 521 Ἔσκον,

141 548 298 625 καλεῖται,
321 541 428 625 μάχην
452 541 494 604 άν
517 563 566 616 τις
588 538 668 604 αὐτὸ
692 542 819 623 φήσειε,
841 539 879 602 τὸ
903 533 935 600 δ’
960 535 1072 621 ἕτερον
1096 542 1158 602 Σι-

141 648 253 712 τεννά·
278 649 403 732 ἔχθραν
426 645 643 729 ἀποσημαίνει
665 645 822 726 τοῦνομα.

105 769 122 818 3
209 754 317 835 <263>
337 747 452 840 Ἰσάκῳ
467 745 528 835 μὲν
543 746 605 816 οὖν
619 750 774 834 ἀκμάζειν
789 746 963 833 συνέβαινε
983 750 1043 831 την
1059 749 1186 833 ίσχὺυῡ

140 858 206 923 ὑπὸ
230 857 393 942 μεγέθους
420 858 634 943 πραγμάτων·
655 854 861 940 Ἀβιμέλεχος
889 851 926 920 δὲ
949 852 1026 919 καθ’
1053 854 1159 921 αὑτοῦ

141 966 288 1049 φύεσθαι
307 967 450 1047 νομίζων
468 966 527 1028 τὸν
544 961 686 1046 Ἴσακον,
709 961 859 1026 ὑπόπτου
883 956 944 1044 μὲν
968 959 1080 1035 αὐτοῖς
1103 960 1160 1025 καὶ

141 1078 198 1153 τῆς
217 1071 476 1153 συνδιαιτήσεως
493 1065 684 1152 γενομένης,
708 1064 757 1132 ἐπ’
780 1066 821 1131 οὐ
840 1074 969 1151 φανερᾷ
994 1063 1023 1130 δ’
1052 1068 1160 1154 έχθρᾳ

141 1186 201 1241 τοῦ
221 1173 351 1240 Ἰσάκου
364 1174 597 1256 ὑπεκστάντος,
621 1176 732 1249 δείσας
750 1173 794 1256 ’μη
813 1180 870 1255 της
887 1169 1048 1257 προτέρας
1066 1171 1158 1262 αὐτῷ

141 1285 254 1366 φιλίας
273 1276 374 1346 οὐδὲν
397 1282 517 1364 όφελος
535 1278 680 1364 γένηται,
701 1280 784 1362 πρὸς
807 1279 938 1360 άμυνοιν
962 1270 1009 1341 ὧν
1032 1279 1160 1344 ἔπαθεν
1175 1297 1200 1336 10

138 1385 269 1452 Ἰσάκου
284 1384 472 1472 τραπέντος,
496 1389 611 1470 φιλίαν
630 1387 764 1450 άνωθεν
782 1395 925 1449 ποιεῖται
943 1385 1025 1468 πρὸς
1044 1385 1160 1468 αὐτόν,

143 1492 201 1557 ἕνα
224 1504 291 1558 τῶν
311 1504 502 1578 στρατηγῶν
522 1495 669 1557 Φίκολον
692 1489 902 1573 ἐπαγόμενος.
939 1490 1057 1572 064>
1075 1492 1159 1556 πάν-

142 1623 209 1664 των
237 1595 274 1664 δέ
303 1600 485 1684 τετυχηκὼς
513 1592 560 1663 ὧν
588 1597 682 1682 ἠξίου
707 1598 763 1661 διὰ
786 1597 847 1680 τὴν
867 1593 996 1661 Ἰσάκου
1020 1601 1159 1682 χρηστό-

142 1728 238 1790 τητα,
267 1706 367 1791 ὀργῆς
392 1705 587 1791 προσφάτου
610 1701 837 1789 πρεσβυτέραν
864 1702 962 1787 χάριν
985 1704 1032 1778 είς
1054 1703 1159 1773 αὐτόν

143 1835 177 1876 τε
200 1809 254 1876 καὶ
278 1813 336 1876 τὸν
356 1808 481 1894 Ιπατέρα
508 1809 732 1894 γεγενημένην
759 1801 1002 1895 προτιμῶντος,
1032 1808 1160 1894 ἀπῆρεν
1175 1826 1200 1866 1⁵

143 1919 190 1993 είς
212 1917 273 2000 τὴν
298 1913 427 1981 ἑαυτοῦ.

109 2037 126 2084 4
212 2023 320 2105 <265>
348 2032 414 2086 τῶν
448 2017 484 2086 δὲ
509 2018 638 2085 Ἰσάκου
665 2022 793 2084 παίδων
814 2019 982 2102 ’Ήσαυος,
1012 2020 1088 2106 περὶ
1119 2021 1160 2087 ὃν

42 2208 48 2221 .
143 2130 284 2213 μάλιστα
299 2128 317 2193 δ
331 2128 437 2212 πατὴρ
457 2125 665 2210 ε’σπουδάκει,
683 2127 921 2212 τετταράκοντα
940 2128 1085 2210 γεγονὼς
1103 2129 1159 2211 ἔτη

143 2247 243 2319 γαμεῖ
257 2233 359 2298 ’Ἀδαν
382 2234 443 2316 την
457 2230 612 2309 Ἥλωνος
640 2231 695 2298 καλ
715 2231 896 2317 Ἀλιβάμην
923 2233 983 2315 τὴν
1003 2229 1160 2315 Ἐσεβέω-

143 2365 213 2423 νος,
237 2342 510 2404 δυναστευόντων
529 2338 566 2403 έν
585 2340 786 2413 Χαναναίοις
805 2337 938 2420 ἀνδρῶν
961 2337 1159 2424 θυγατέρας,
1174 2356 1200 2395 20

145 2442 263 2509 ἑαυτὸν
288 2447 428 2525 ποιήσας
455 2453 512 2525 τῆς
538 2441 613 2528 περὶ
640 2446 698 2508 τὸν
727 2443 833 2524 γάμου
857 2441 1006 2520 ἐξουσίας
1029 2445 1159 2529 κόριον,

144 2547 199 2613 καὶ
231 2545 314 2633 μηδὲ
346 2557 391 2635 τῷ
424 2547 522 2631 πατρὶ
555 2547 895 2632 συμβουλευσάμενος.
941 2550 1047 2632 <266>
1078 2548 1159 2615 οὐδὲ

144 2656 207 2739 γάρ
231 2653 272 2719 άν
296 2652 473 2740 ἐπέτρεψεν
491 2652 619 2730 Ἰσακος
642 2651 691 2718 ἐπ’
720 2653 808 2742 αὐτῷ
832 2663 888 2736 τῆς
910 2656 1043 2740 γνώμης
1065 2678 1159 2738 γενο-

144 2751 256 2845 μένης·
286 2760 327 2826 οὐ
354 2762 417 2846 γάρ
446 2756 489 2844 ἦν
512 2760 599 2849 αὐτῷ
625 2757 668 2824 δι’
696 2759 818 2844 ἡδονῆς
842 2762 1056 2838 συνάψασθαι
1081 2777 1160 2843 ου’γ-

145 2866 276 2951 γένειαν
313 2869 395 2952 πρὸς
427 2870 504 2944 τοὺς
541 2867 745 2951 ἐπιχωρίους.
806 2866 846 2932 οὐ
883 2871 1087 2951 βουλόμενος
1125 2866 1155 2932 δ’
1174 2884 1200 2924 25

146 2974 294 3060 ἀπεχθὴς
330 2968 415 3039 εἶναι
457 2981 501 3060 τῷ
541 2970 634 3037 παιδὶ
669 2974 813 3037 κελεύων
851 2971 1054 3056 ’ἀφίστασθαι
1091 2984 1159 3038 τῶν

145 3092 329 3162 γυναικῶν,
353 3087 451 3161 σιγᾶν
473 3081 592 3161 ἔκρινε.
673 3113 676 3118 .

107 3197 125 3247 5
212 3185 320 3267 (267)
339 3187 476 3270 γηραιὸς
495 3183 525 3249 δ’
549 3185 596 3249 ὢν
615 3182 670 3249 καὶ
688 3186 745 3261 τάς
763 3187 856 3262 όψεις
874 3187 921 3261 είς
943 3188 981 3251 τὸ
1004 3182 1161 3262 παντελές

145 3287 388 3375 ἠφανισμένος,
424 3290 732 3376 προσκαλεσάμενος
764 3292 822 3355 τὸν
846 3287 1000 3356 Ἥσαυον
1036 3289 1091 3355 καὶ
1123 3295 1160 3357 τὸ

144 3404 246 3479 γῆρας
264 3396 378 3478 είπών,
401 3395 445 3472 ὡς
462 3392 516 3459 καλ
542 3396 618 3479 δίχα
640 3402 697 3477 τῆς
719 3395 896 3477 πηρώσεως
918 3394 972 3460 καλ
995 3406 1055 3461 τοῦ
1078 3398 1161 3461 κατά
1175 3415 1202 3454 ³0

216 3515 433 3582 §263=Gen.
452 3515 543 3570 XXVI
561 3521 603 3570 26.
676 3514 894 3579 §265=Gen.
913 3515 1029 3571 XXXVI
1047 3523 1071 3570 2.
