2460 3848
93 133 148 198 ,50
468 135 741 188 ΔΡΧΑῙΟΛΟΓΙΑΣ

104 296 246 362 σπάνιον
260 295 280 380 ἣ
295 294 371 381 μηδ’
391 297 475 373 ὅλως
489 295 714 381 ἐπιχωριάζειν
729 295 969 380 ἐκτετιμημένα.
1008 298 1120 381 <244>

104 399 200 480 οὗτος
219 403 440 487 ἀπερχόμενος
454 405 574 491 χρόνῳ,
598 403 654 467 διά
672 405 710 468 τὸ
725 397 814 468 εἶναι
837 404 984 487 χαλεπὴν
1008 403 1122 469 ὁδεύε-

104 517 185 575 σθαι
198 511 259 593 τὴν
268 510 542 590 Μεσοποταμίαν,
556 518 691 592 χειμῶνι
707 505 767 591 μέν
781 508 846 573 ὑπὸ
861 513 976 592 πηλῶν
990 509 1122 592 βάθους

102 607 226 700 θέρους
250 611 282 677 δ’
308 610 365 678 ὑπ’
393 612 568 697 ἀνυδρίας,
591 615 639 678 ἐτι
661 610 700 679 δέ
722 612 777 679 καὶ
800 618 987 701 λῃστηρίων
1011 616 1120 680 όντων

103 719 140 785 ἐν
164 720 258 805 αὐτῇ,
281 719 514 803 δδιαφεύγειν
536 719 599 784 ούκ
622 717 701 803 ἐνῆν
725 721 769 803 μη
792 728 976 805 προνοοῦσι
998 721 1119 785 τούτου
1148 740 1161 780 5

102 835 171 903 τοῖς
194 826 383 907 ὁδεύουσιν,
405 826 452 902 είς
473 828 572 890 πόλιν
591 823 775 910 άφικνεῖται
799 825 944 910 Χάρραν.
988 824 1042 890 καὶ
1065 848 1118 905 γε-

103 934 242 1015 νόμενος
256 930 293 996 ἐν
305 942 373 1008 τοῖς
386 935 594 1016 προαστείοις
607 929 788 1016 παρθένοις
803 930 994 1016 ἐντυγχάνει
1007 934 1118 996 πλείο-

102 1024 159 1103 σιν
176 1034 227 1122 έφ’
250 1037 342 1122 ὕδωρ
361 1039 583 1123 βαδιζούσαις.
630 1038 738 1121 (245)
757 1037 887 1122 εὔχεται
907 1034 968 1121 μέν
986 1031 1047 1102 οὖν
1071 1046 1117 1124 τῷ

101 1149 171 1231 θεῷ
190 1140 373 1228 Ῥεβέκκαν,
395 1144 438 1227 ἣν
460 1152 505 1231 τῷ
529 1140 624 1208 παιδὶ
638 1140 805 1228 ’Ἅβραμος
829 1137 1120 1228 μνηστευσόμενον

102 1250 205 1315 αὐτὸν
229 1248 477 1333 ἐξαπέσταλκεν,
500 1251 531 1314 εί
548 1250 629 1315 κατά
647 1259 732 1316 νοῦν
754 1252 813 1316 τὸν
836 1250 941 1315 αὐτοῦ
964 1247 1075 1332 μεζλλει
1100 1250 1160 1316 διο

101 1355 206 1438 γάμος
224 1351 320 1433 οὗτος
339 1362 583 1438 συντελεῖσθαι,
603 1355 639 1421 ἐν
658 1354 799 1433 ἐκείναις
817 1356 1011 1440 εὑρεθῆναι,
1033 1379 1119 1438 γνω-

102 1465 265 1547 ρισθῆναί
284 1460 312 1526 τ’
340 1462 444 1546 αὐτὴν
463 1472 529 1527 τῶν
549 1458 609 1545 μέν
628 1463 739 1527 άλλων
763 1464 909 1527 αἰτοῦντι
934 1463 1037 1526 ποτὸν
1060 1460 1119 1546 άρ-

68 1567 294 1652 ῖνουμένων,
322 1568 448 1652 ἐκείνης
470 1565 503 1634 δ’
531 1568 619 1656 αὐτῷ
642 1569 883 1653 παρασχούσης.
931 1568 1040 1650 <246>
1062 1565 1119 1632 καὶ

101 1673 118 1738 ὃ
142 1671 203 1758 μέν
227 1672 280 1740 ἐπὶ
298 1676 416 1759 ταύτης
435 1675 483 1739 ὢν
497 1683 553 1758 τῆς
576 1674 725 1750 διανοίας
748 1671 800 1738 ἐπὶ
823 1674 860 1738 τδ
884 1671 989 1758 φρέαρ
1012 1695 1118 1758 παρα-

100 1784 246 1864 γίνεται,
282 1779 336 1846 καὶ
373 1785 556 1865 παρακαλεῖ
585 1781 642 1856 τάς
673 1776 862 1865 παρθένους
893 1782 995 1845 ποτὸν
1025 1780 1115 1867 αὐτῷ
1132 1799 1158 1839 15

100 1896 289 1970 παρασχεῖν.
334 1895 401 1949 τῶν
421 1882 451 1948 δ’
470 1883 716 1969 ἐκτρεπομένων
737 1885 781 1962 ὡς
794 1888 985 1970 χρηζουσῶν
1004 1888 1118 1951 οἴκαδε

100 1993 244 2073 κομίζειν
281 1988 353 2055 ἀλλ’
388 1990 450 2056 οὐκ
482 1990 597 2080 ἐκείνφ
628 2000 809 2077 παρασχεῖν
842 1988 911 2076 (καὶ
942 1993 1005 2076 γάρ
1038 1991 1114 2057 οὐδ’

99 2099 263 2183 εὔληπτον
295 2093 381 2164 εἶναι
408 2100 446 2164 τὸ
468 2097 591 2184 ὕδωρ),
623 2101 681 2182 μία
704 2096 737 2176 ἐξ
761 2097 897 2163 ἁπασῶν
919 2096 1059 2174 ἐκείναις
1081 2122 1117 2163 τε

100 2213 158 2286 τῆς
180 2208 262 2291 πρὸς
284 2207 343 2271 τὸν
362 2204 458 2283 ξένον
482 2205 668 2289 ἐπιπλήττει
687 2206 875 2287 δυσκολίας,
900 2208 990 2280 τίνος
1012 2206 1135 2270 άλλου.

99 2315 317 2394 κοινωνήσειν
335 2316 417 2398 πρὸς
431 2311 630 2397 ἀνθρώπους
649 2311 749 2387 αύτάς
767 2332 856 2394 ποτε,
881 2313 912 2376 εί
929 2308 1007 2394 μηδ’
1034 2310 1116 2374 ύδα-
1131 2330 1158 2368 ω

99 2438 154 2490 τος
173 2414 365 2499 μετέδοσαν,
389 2415 542 2499 λέγουσα,
566 2415 620 2480 καὶ
633 2413 766 2501 παρέχει
785 2417 872 2503 αύτῷ
892 2418 1115 2501 φιλοφρόνως.

100 2520 209 2602 <247>
234 2520 251 2584 δ
276 2518 306 2584 δ’
334 2521 371 2585 ἐν
395 2521 503 2606 ἑλπίδι
527 2518 589 2604 μέν
612 2531 678 2585 τῶν
702 2520 789 2586 ὅλων
812 2526 1006 2606 γενόμενος,
1036 2525 1114 2604 βου-

99 2627 238 2708 λόμενος
261 2621 299 2689 δέ
321 2626 383 2708 τὴν
406 2625 568 2708 ἀληθειαν
591 2633 724 2711 μαθεῖν,
748 2617 872 2714 ἐπῄνει
888 2652 922 2693 τε
945 2637 1002 2710 τῆς
1024 2628 1116 2710 εύγε-
1141 2664 1150 2679 ·

98 2735 189 2806 νείας
212 2728 315 2812 αὐτὴν
339 2725 393 2792 καὶ
411 2738 468 2813 τῆς
492 2734 722 2816 χρηστότητος,
746 2733 796 2798 ὅτι
818 2732 873 2797 καί
894 2731 962 2817 μετ’
990 2735 1115 2797 οίκεῖου

99 2841 206 2904 πόνου
230 2846 299 2913 τοῖς
322 2832 492 2918 δεομένοις
521 2836 675 2923 ἐπαρκεῖν
699 2840 760 2904 οὐκ
784 2818 939 2924 ἐφέυγεν,
968 2827 1114 2899 ἐπυνθά-
1130 2858 1157 2898 ω

98 2949 174 3011 νετό
188 2968 222 3009 τε
236 2947 337 3009 τίνων
357 2948 407 3025 είη
426 2942 565 3026 γονέων,
588 2942 642 3008 καὶ
657 2946 846 3030 κατεύχεται
865 2943 977 3017 αὐτοῖς
995 2941 1112 3023 ὄνησιν

99 3053 251 3135 τοιαύτης
274 3051 403 3126 παιδός·
431 3052 489 3114 καί
509 3049 767 3134 “νυμφεύσειαν’
790 3052 894 3135 φησίν
919 3046 979 3123 εὡς
1002 3047 1113 3127 αὐτοῖς

99 3153 167 3218 ἐστὶ
190 3152 447 3239 κεχαρισμένον,
474 3155 521 3229 είς
549 3150 642 3220 οίκον
671 3154 793 3240 άνδρδς
815 3153 966 3237 άγαθού,
994 3157 1113 3232 παῖδας

98 3260 185 3345 αὐτῷ
210 3252 388 3344 τεξομένην
412 3260 591 3344 γνησίους.’
639 3261 747 3344 (248)
770 3260 791 3343 ἣ
816 3257 853 3325 δέ
883 3257 963 3326 ούδέ
985 3264 1112 3327 τούτων

98 3365 287 3449 ἐφθόνησεν
308 3366 396 3454 αύτῷ
416 3365 609 3455 βουλομένω
628 3373 761 3451 μαθεῖν,
785 3367 868 3433 ἀλλά
887 3366 941 3432 καί
960 3372 996 3434 τὸ
1015 3367 1111 3451 γένος
1126 3386 1153 3425 30

169 3486 386 3551 §244=Gen.
407 3487 497 3542 XXIV
517 3495 558 3548 10.
