2460 3848
132 153 174 226 ης
500 151 773 211 εοειιοιιοιοιν

131 320 187 388 ὑπ’
215 320 325 408 αὐτῆς,
349 319 425 388 ὥστ’
448 322 638 389 ἀποκτεῖναι
656 327 733 401 τοὺς
752 321 825 391 οὐδ’
853 325 973 402 αὐτοὺς
992 326 1036 402 ὡς
1062 329 1160 406 ίδίας

132 433 178 496 ἔτι
211 440 267 514 τῆς
299 433 462 514 σωτηρίας
493 428 810 515 ἀντιποιουμένους,
846 431 929 497 ἀλλά
963 433 1052 518 παρὰ
1087 445 1157 501 σοῦ

132 541 247 621 λαβεῖν
266 537 371 619 αὐτὴν
385 534 567 613 ἀξιοῦντας.
600 538 707 620 <142>
721 543 775 601 καί
794 539 857 623 γάρ
877 535 956 604 οὐδὲ
975 548 1040 604 νῦν
1058 551 1154 625 πρῶ-

131 666 191 707 τον
217 643 297 725 ημῖν
324 639 474 726 παρεξεις
497 641 620 726 αὐτην,
652 642 736 708 ἀλλά
762 642 818 708 καί
847 645 961 729 τάχιον
985 643 1153 712 ἐλθοῦσιν

132 747 184 813 ἐπὶ
207 750 268 832 την
291 745 417 833 ἀγορὰν
440 757 500 813 τοῦ
523 751 617 813 σίτου
646 747 701 813 καὶ
724 750 785 833 την
808 749 968 833 εὐπορίαν
991 758 1048 834 τῆς
1072 774 1180 837 τρο-ε

131 865 196 940 φῆς
223 852 380 939 ἐχαρίσω,
408 856 488 930 δοὺς
516 852 725 937 ἀποκομίζειν
752 852 808 919 καὶ
835 867 903 932 τοῖς
926 858 1061 933 οίκείοις
1085 859 1151 923 ὅσα

131 962 387 1037 κινδυνεύοντας
424 961 544 1036 αὐτοὺς
582 960 647 1025 ὑπὸ
665 970 744 1044 τοῦ
781 967 880 1044 λιμοῦ
917 964 1150 1047 διαφθαρῆναι

130 1066 318 1153 περιέσωσε.
364 1067 473 1151 <143>
500 1064 649 1152 διαφέρει
677 1063 708 1130 δ’
730 1062 836 1132 ,οὐδέν
866 1067 953 1152 ἣμη
982 1070 1151 1154 περιιδεῖν

130 1171 378 1258 ἀπολλυμένους
396 1169 452 1237 ὑπ’
475 1171 602 1249 ἐνδείας
624 1183 692 1237 τῶν
714 1171 915 1256 ἀναγκαίων,
938 1173 958 1258 ἢ
982 1176 1026 1258 μὴ
1050 1177 1149 1241 κολά-

130 1298 185 1345 σαι
215 1279 388 1358 δόξαντας,
406 1278 562 1364 ἁμαρτεῖν
589 1277 644 1344 καὶ
671 1276 746 1364 περὶ
773 1281 835 1364 την
862 1279 1054 1365 εὐεργεσίαν
1084 1283 1148 1366 την
1163 1305 1190 1344 ιο

129 1387 194 1451 ὑπὸ
219 1396 280 1451 σοῦ
299 1386 460 1471 λαμπράν.
471 1383 654 1469 γενομένην
677 1384 920 1470 φθονηθέντας.
966 1386 986 1470 ἡ
1006 1383 1036 1450 δ’
1059 1388 1149 1473 αὐτη

129 1492 241 1578 χάρις,
273 1493 362 1581 άλλφ
395 1489 507 1576 μέντοι
535 1494 645 1580 τρόπφ
675 1489 844 1576 διδομένη.
891 1493 1001 1575 <144>
1025 1494 1148 1572 σώσεις

129 1600 191 1684 γάρ
210 1599 269 1676 οὓς
286 1600 334 1675 είς
352 1596 518 1665 τοῦτοκαὶ
537 1600 680 1683 ἔτρεφες,
703 1596 758 1662 καλ
776 1600 883 1684 ῦυχάς
901 1599 939 1676 ἀς
957 1599 1022 1665 ὑπὸ
1042 1604 1147 1684 λιμοῦ

128 1716 244 1790 καμεῖν
267 1705 329 1771 οὐκ
352 1711 479 1789 είασας,
501 1707 653 1789 τηρήσεις
675 1714 746 1782 ταῖς
770 1715 893 1771 σαυτοῦ
917 1707 1075 1790 δωρεαῖς,
1101 1708 1146 1785 ὡς

127 1812 323 1894 θαυμαστὸν
347 1813 413 1893 ἅμα
443 1808 498 1874 καὶ
525 1808 607 1893 μέγα
631 1811 754 1877 δοῦναί
773 1834 807 1875 τε
831 1812 938 1896 ψυχὰς
960 1811 1058 1896 ἡμῖν,
1088 1812 1146 1879 καί
1161 1835 1188 1875 15

127 1927 308 2002 παρασχεῖν
327 1913 371 1979 δι’
394 1910 441 1980 ὧν
460 1911 557 1981 αὗται
575 1926 734 1999 μενοῦσιν
753 1915 1002 2003 ἀπορουμένοις.
1034 1919 1146 2004 <145>

128 2018 222 2107 οἶμαί
246 2020 279 2088 τε
307 2025 366 2089 τὸν
393 2026 495 2106 θεόν,
524 2023 633 2087 αἰτίαν
660 2022 908 2109 παρασκευάσαι
935 2027 1145 2108 βουλόμενον

127 2133 174 2208 είς
197 2130 355 2209 ἐπίδειξιν
372 2140 432 2196 τοῦ
450 2130 531 2195 κατὰ
554 2131 615 2214 την
638 2128 758 2216 ἀρετὴν
781 2134 965 2216 περιόντος,
989 2129 1073 2214 ἡμᾶς
1096 2134 1145 2208 είς

126 2248 223 2303 τοῦτο
253 2247 446 2324 περιστῆσαι
474 2246 665 2322 συμφορᾶς,
696 2237 752 2301 ἵνα
779 2235 835 2300 καὶ
857 2247 924 2301 τῶν
947 2238 993 2312 είς
1017 2241 1143 2304 σαυτὸν

127 2343 337 2428 ἀδικημάτων
361 2345 599 2426 συγγινώσκων
622 2351 729 2426 φανῇς
753 2341 957 2425 ἐπταικόσιν,
987 2341 1071 2408 ἀλλά
1095 2346 1142 2429 μη
1158 2366 1187 2406 εο

125 2452 207 2531 πρὸς
225 2452 350 2531 μόνους
367 2451 444 2523 τοὺς
461 2441 530 2511 κατ’
553 2449 657 2530 ἀλλην
680 2451 847 2531 πρόφασιν
870 2447 1048 2533 δεομένους
1072 2447 1144 2515 έπι-

125 2556 261 2635 κουρίας
278 2554 518 2638 φιλάνθρωπος
536 2554 646 2637 δοκῇς,
669 2552 778 2635 <146>
798 2554 842 2630 ὡς
860 2552 943 2637 μέγα
962 2551 1022 2639 μὲν
1047 2556 1140 2642 [γάρ]

124 2656 179 2723 καὶ
202 2660 239 2723 τὸ
263 2663 401 2740 ποιῆσαί
420 2681 511 2735 τινας
533 2653 571 2723 εὖ
594 2658 815 2736 καταστάντας
838 2661 885 2736 είς
908 2665 1040 2747 χρείαν,
1062 2663 1140 2745 ηγε-

125 2766 348 2850 μονικώτερον
362 2760 399 2828 δὲ
419 2774 521 2830 σῶσαι
541 2767 618 2840 τοὺς
636 2761 718 2849 ὑπὲρ
737 2775 804 2830 τῶν
823 2767 870 2842 είς
889 2769 1011 2833 σαυτὸν
1030 2773 1141 2832 τετολ-

124 2869 280 2956 μημένων
313 2871 410 2954 δίκην
440 2870 642 2955 ὀφείλοντας.
688 2873 720 2935 εί
746 2873 809 2957 γάρ
837 2874 874 2937 τὸ
902 2871 977 2958 περὶ
1010 2885 1140 2959 μικρῶν
1154 2895 1182 2936 τε

125 2979 338 3064 ζημιωμάτων
375 2977 509 3064 ἀφεῖναι
547 2980 623 3055 τοὺς
663 2982 958 3062 πλημμελήσαντας
999 2981 1139 3046 ἔπαινον

123 3086 240 3167 ἤνεγκε
263 3097 331 3162 τοῖς
359 3085 572 3169 ὑπεριδοῦσι,
603 3088 641 3150 τό
663 3107 700 3167 γε
723 3083 799 3170 περὶ
821 3086 949 3150 τούτων
973 3084 1140 3172 ἀόργητον

123 3186 205 3273 ὑπὲρ
236 3185 283 3256 ὧν
312 3194 349 3258 τὸ
383 3194 440 3274 ζην
467 3190 661 3257 ὑπεύθυνον
689 3200 727 3276 τη
755 3191 888 3256 κολάσει
919 3195 1045 3274 γίνεται
1069 3203 1139 3258 τῶν

123 3296 339 3381 ἠδικηκότων,
361 3304 445 3364 θεοῦ
464 3298 562 3382 φύσει
581 3294 774 3382 προσετέθη.
821 3297 929 3380 <147>
949 3297 1003 3362 καὶ
1023 3297 1139 3384 ἔγωγ’,

123 3404 155 3467 εί
175 3404 218 3487 μη
242 3403 348 3487 πατὴρ
371 3404 451 3488 ἡμῖν
472 3399 515 3487 ἦν
538 3415 607 3480 πῶς
629 3400 682 3468 ἐπὶ
700 3404 829 3469 παίδων
852 3402 1000 3488 ἀποβολῇ
1024 3410 1137 3469 ταλαι-
1152 3425 1181 3465 ιο

194 3523 412 3590 §142=Gen.
431 3524 518 3579 XLIV
538 3530 579 3580 17.
