2460 3848
99 141 143 206 80
464 142 738 196 ΑΡΧΔΙΟΛΟΓΙΑΣ

97 309 250 382 πλείονος
277 306 436 387 σπουδῆς·
465 307 568 368 νόσον
598 326 632 367 τε
662 304 725 388 γὰρ
755 305 1029 388 προφασίσασθαι
1058 299 1115 367 καὶ

97 422 154 497 της
178 409 293 498 ἑορτῆς
319 410 374 476 καὶ
401 419 458 492 τῆς
485 409 700 493 πανηγύρεως
727 409 788 491 τὴν
811 411 893 494 πρὸς
916 408 1018 473 αὐτὸν
1042 408 1115 491 ὁμι-

98 524 174 584 λίαν
197 526 408 604 προτιμῆσαι·
432 522 497 581 είτε
520 527 589 592 τοῖς
616 517 758 601 πρώτοις
779 511 836 579 ὑπ’
863 513 1014 591 ἀπιστίας
1037 512 1115 579 ἀντ-

99 623 235 710 έκρουσε
268 628 456 706 λογισμοῖς,
497 629 557 687 τοῦ
595 623 759 705 μηδεμίαν
791 624 994 706 κακουργίαν
1028 615 1116 685 εἶναι

98 734 225 814 κρίνειν
262 728 432 812 σύμβολον
468 730 505 792 τὸ
541 739 610 804 τοῖς
647 728 759 804 αὐτοῖς
795 725 970 811 ἐπιμένειν.
1024 727 1141 810 <48>⁵

98 837 289 921 προσδοκᾶν
312 857 346 897 τε
369 844 436 898 τῶν
457 837 633 919 παρόντων
656 832 795 915 ἀγαθῶν
819 835 954 917 όνησιν,
978 827 1026 898 ὧν
1049 834 1115 916 ἤδη

99 938 260 1025 μετέχειν,
287 937 519 1025 προσθέμενον
543 940 643 1022 αὐτῆς
664 948 709 1026 τώ
734 942 847 1025 ἔρωτι,
873 936 930 1003 καὶ
953 942 1117 1022 μειζόνων

99 1044 284 1110 ἀπόλαυσιν
311 1046 460 1130 ὑπήκοον
489 1050 690 1130 γενόμενον,
719 1047 851 1129 άμυνυν
881 1041 918 1109 δδ
941 1043 996 1109 καὶ
1019 1056 1117 1128 μῖσος

98 1150 175 1237 παρ’
208 1152 308 1235 αὐτῆς
335 1151 587 1236 ἀποστραφέντα
613 1153 675 1235 τὴν
703 1150 839 1229 ἀξίωσιν
862 1149 917 1216 καὶ
940 1160 1000 1217 τοῦ
1023 1155 1116 1237 χαρί-

100 1261 214 1336 ζεσθαι
236 1268 274 1343 τῇ
299 1259 457 1343 δεσποίνῃ
479 1258 540 1340 τὴν
562 1267 618 1342 τῆς
641 1259 860 1343 σωφροσύνης
884 1259 1022 1341 δόκησιν
1047 1256 1116 1322 ε’πί-
1131 1273 1154 1314 1⁰

98 1370 227 1448 προσθε
244 1362 400 1448 θέμενον.
446 1364 533 1447 <49>
553 1364 594 1429 ού
610 1365 673 1449 γάρ
691 1363 793 1428 αὐτὸν
807 1372 904 1429 τοῦτο
918 1362 1116 1447 ὠφελήσειν,

99 1475 275 1555 τραπείσης
306 1471 352 1547 είς
381 1473 582 1556 κατηγορίαν
612 1469 716 1535 αὐτοῦ
742 1467 797 1533 καὶ
824 1467 1117 1552 καταψευσαμένης

99 1588 217 1662 πεῖραν
250 1574 303 1642 ἐπὶ
330 1576 465 1663 τάνδρί·
497 1574 671 1657 προσέξειν
699 1572 737 1640 δὲ
764 1580 891 1659 μᾶλλον
918 1585 987 1650 τοῖς
1016 1575 1117 1658 αὐτῆς

99 1687 212 1766 λόγοις
234 1687 409 1767 Πετεφρῆν
433 1682 453 1766 ἢ
476 1694 545 1759 τοῖς
568 1680 709 1765 ἐκείνου,
731 1680 794 1746 κάν
814 1681 864 1746 ὅτι
887 1681 1028 1765 μάλιστα
1052 1680 1117 1746 ἀπὸ

100 1798 157 1872 τῆς
180 1789 338 1872 ἀληθείας
360 1787 535 1873 φέρωνται.
1128 1801 1152 1842 15

64 1909 81 1955 4
166 1893 253 1977 <50>
271 1903 373 1958 ταῦτα
392 1894 553 1976 λεγούσης
570 1903 626 1976 τῆς
645 1896 801 1976 γυναικὸς
819 1890 874 1958 καὶ
898 1894 1118 1978 δακρυούσης,

101 1995 171 2064 οὔτ’
194 1995 302 2075 οἶκτος
321 1999 423 2065 αὐτὸν
442 2002 486 2083 μὴ
506 2011 694 2083 σωφρονεῖν
714 2002 843 2065 ἔπεισεν
862 1995 931 2064 οὔτ’
950 1998 1118 2081 ἠνάγκασε

100 2107 221 2189 φόβος,
251 2105 334 2171 ἀλλά
357 2117 428 2183 ταῖς
456 2107 608 2189 δεήσεσιν
638 2104 773 2191 ἀντέσχε
796 2104 852 2171 καὶ
874 2115 944 2180 ταῖς
967 2103 1118 2182 ἀπειλαῖς

101 2211 162 2277 οὐκ
186 2210 325 2277 ἐνέδωκε
351 2213 462 2289 δείσας
490 2219 613 2278 παθεῖν
636 2212 777 2294 ἀδίκως,
804 2210 860 2278 καὶ
882 2207 1062 2294 ὑπομένειν
1086 2234 1118 2275 τι

99 2329 167 2382 τών
186 2315 422 2403 χαλεπωτέρων
440 2320 544 2384 εἵλετο
564 2324 691 2402 μᾶλλον
710 2317 730 2399 ἢ
750 2328 816 2381 τῶν
839 2320 1013 2402 παρόντων
1037 2316 1118 2383 ἀπο·
1132 2332 1156 2372 2⁰

102 2416 237 2505 λαύειν,
273 2423 493 2506 χαρισάμενος
525 2421 578 2509 ἐφ’
615 2415 665 2498 οἷς
698 2421 785 2507 αύτῷ
815 2421 953 2509 συνῄδει
984 2424 1119 2500 δικαίως

102 2524 330 2614 ἀπολουμένῳ.
376 2529 463 2611 <51>
486 2529 594 2612 γάμου
622 2551 656 2592 τε
684 2527 788 2611 αὐτὴν
814 2529 1040 2614 ὑπεμίμνησκε
1063 2527 1119 2594 καὶ

101 2639 157 2713 τῆς
175 2632 257 2716 πρὸς
274 2633 333 2696 τὸν
353 2633 459 2718 ἀνδρα
478 2635 701 2717 συμβιώσεως,
724 2631 779 2698 καὶ
801 2636 931 2711 τούτοις
952 2637 989 2700 τὸ
1014 2633 1118 2701 πλέον

100 2735 248 2820 νέμεινῆ
267 2746 306 2821 τη
324 2742 514 2827 προσκαίρφ
534 2748 591 2821 τῆς
610 2738 788 2823 ἐπιθυμίας
805 2741 910 2825 ἡδονῇ
929 2741 1120 2827 παρεκάλει,

100 2845 200 2928 τῆσδε
232 2839 293 2927 μὲν
325 2841 380 2907 καὶ
413 2844 590 2927 μετάνοιαν
624 2843 759 2930 ἑξούσης
791 2842 891 2921 αὖθις
923 2844 971 2910 ἐπ’
1009 2848 1154 2934 ὀδύνηῖὸ

100 2947 346 3036 γενησομένην,
379 2950 440 3015 οὐκ
472 2950 525 3016 ἐπὶ
557 2953 736 3037 διορθώσει
769 2965 834 3018 τών
866 2951 1119 3038 ἡμαρτημένων,

101 3055 156 3119 καὶ
187 3061 296 3141 φόβον
324 3066 385 3122 τοῦ
413 3058 457 3140 μὴ
486 3057 683 3142 κατάφωρον
706 3056 881 3141 γενέσθαι,
913 3057 997 3122 ἀλλά
1020 3059 1119 3143 χάριν

101 3171 161 3225 τοῦ
185 3167 304 3226 λαθεῖν
327 3162 556 3247 ἀγνοουμένου
579 3174 639 3229 τοῦ
662 3173 782 3246 κακοῦ,
811 3174 869 3248 τῆς
893 3160 930 3228 δὲ
953 3168 1036 3249 πρὸς
1059 3168 1119 3231 τὸν

101 3267 209 3351 ἀνδρα
226 3272 404 3345 κοινωνίας
422 3268 606 3335 ἀπόλαυσιν
631 3269 769 3354 ἐχούσης
791 3270 983 3335 ἀκίνδυνον.
1030 3272 1119 3355 <52>

100 3370 154 3437 καὶ
172 3371 306 3459 προσέτι
325 3376 452 3458 πολλὴν
476 3377 566 3458 ἔλεγε
589 3378 650 3460 την
674 3375 737 3440 ἀπὸ
760 3386 820 3441 τοῦ
844 3378 1035 3453 συνειδότος
1058 3377 1115 3443 καὶ
1130 3395 1156 3435 ³⁰

100 3482 182 3566 πρὸς
211 3483 270 3546 τὸν
299 3484 382 3546 θεὸν
412 3486 599 3567 παρρησίαν
627 3480 683 3547 καὶ
710 3484 792 3567 πρὸς
819 3481 1040 3567 ἀνθρώπους,
1073 3485 1118 3562 ώς
