2460 3848
100 148 167 216 320
468 152 740 204 ΑΡΧΔΙΟΔΟΓΙΑΣ

101 314 210 396 <282>
242 324 302 381 τοῦ
334 311 371 379 δὲ
403 309 486 398 μηδὲ
522 323 625 377 τινῶν
657 312 745 400 αὐτῷ
780 313 914 376 δεῖσθαι
948 316 1127 396 φήσαντος

102 415 197 492 (ούδέ
215 421 278 504 γὰρ
296 421 378 485 κατὰ
395 423 509 505 χρείαν
531 428 634 484 ταῦτα
657 418 938 502 εὐαγγελίσασθαι
962 418 1046 504 περὶ
1069 431 1127 504 τῆς

100 535 161 591 τοῦ
174 527 302 602 ’παιδὸς
328 521 460 610 γονῆς),
487 534 548 590 τοῦ
575 521 612 589 δὲ
636 535 746 609 μεῖναι
768 529 1048 610 παρακαλοῦντος
1071 525 1126 591 καὶ

101 632 220 709 ξενίων
250 640 440 715 μετασχεῖν,
472 631 534 696 οὐκ
562 629 729 696 ἐπένευσε·
768 631 878 714 <283>
907 630 1068 709 πεισθεὶς
1092 629 1121 697 δ’

101 737 190 821 ὅμως
221 740 440 820 λιπαροῦντος
474 734 639 820 ἐπιμεῖναι
669 737 713 813 ὡς
745 735 787 801 ἀν
820 734 930 814 ξένιον
965 737 1060 826 αὐτῷ
1094 754 1145 803 τιι

100 845 232 928 κομίση,
254 839 310 905 καὶ
327 843 496 918 θύσαντος
514 845 632 926 ἔριφον
650 852 710 908 τοῦ
728 844 900 928 Μανώχου
918 840 976 906 καὶ
1000 855 1123 910 τοῦτον

101 947 206 1012 ὀπτᾶν
223 955 262 1032 τῇ
282 944 414 1030 γυναικὶ
437 948 665 1031 κελεύσαντος,
687 946 758 1012 ἐπεὶ
780 944 875 1012 πάντ’
897 943 941 1031 ἦν
965 949 1122 1035 εὐτρεπῆ,

100 1052 300 1137 προσέταξεν
323 1050 376 1117 ε’πλ
399 1062 455 1135 τῆς
481 1051 600 1139 πέτρας
627 1052 818 1118 ἀποθέσθαι
840 1055 917 1130 τούς
939 1051 969 1118 τ’
986 1057 1122 1143 ,ἀρτονς

101 1157 156 1224 καὶ
179 1161 219 1224 τὰ
241 1158 320 1244 κρέα
343 1157 443 1245 χωρὶς
461 1170 527 1224 τῶν
550 1158 702 1242 ἀγγείων.
748 1160 857 1243 <284>
880 1157 935 1224 καὶ
958 1164 1121 1251 ποιησάν-

101 1289 180 1349 των,
203 1267 336 1331 ἀπτεται
358 1274 398 1350 τῇ
418 1265 532 1354 ράβδφ
551 1258 572 1351 ᾖ
592 1261 658 1351 εἶχε
681 1276 747 1330 τῶν
769 1277 888 1352 κρεῶν,
911 1267 950 1330 τά
977 1264 1016 1332 δὲ
1040 1271 1121 1354 λάμ-
1133 1283 1152 1322 1⁰

101 1383 227 1464 φαντος
248 1373 352 1456 πυρὸς
374 1373 441 1456 ἀμα
463 1381 532 1448 τοῖς
554 1372 667 1457 ἀρτοις
689 1370 831 1456 ἐκαίετο,
858 1370 913 1436 καὶ
937 1373 954 1438 ὁ
980 1375 1121 1457 ἄγγελος

103 1480 159 1543 διά
187 1489 247 1544 τοῦ
276 1488 405 1545 καπνοῦ
437 1479 546 1563 ὥσπερ
574 1477 736 1563 ὀχήματος
763 1477 868 1544 ἀνιὼν
895 1480 943 1555 εἰς
970 1480 1121 1567 οὐρανὸν

103 1585 215 1661 αὐτοῖς
243 1575 387 1670 φανερὸς
415 1580 467 1668 ἦν.
511 1586 684 1670 Μανώχην
712 1581 750 1649 δὲ
776 1586 992 1669 φοβούμενον
1021 1590 1067 1670 μη
1090 1612 1121 1652 τι

103 1693 270 1776 σφαλερὸν
302 1690 415 1766 αὐτοῖς
442 1689 478 1755 ἐκ
507 1698 565 1774 της
594 1692 701 1768 ὄφεως
728 1701 788 1756 τοῦ
815 1697 901 1756 θεοῦ
930 1695 1120 1775 γενήσοιτο,

102 1801 243 1879 θαρρεῖν
265 1795 286 1878 η
310 1796 394 1878 γυνη
413 1796 661 1880 παρεκελεύετο·
681 1793 734 1859 ἐπὶ
757 1796 820 1882 γὰρ
844 1794 1052 1881 συμφέροντι
1075 1808 1120 1886 τῷ
1133 1812 1154 1851 1⁵

103 1901 213 1966 αὐτῶν
236 1902 295 1965 τὸν
316 1902 400 1965 θεὸν
423 1900 535 1977 αὐτοῖς
557 1901 732 1987 ὁραθῆναι.

67 2025 84 2071 4
171 2006 280 2089 <285>
309 2003 363 2071 καὶ
394 2007 467 2071 κύει
497 2003 525 2070 τ’
556 2006 662 2090 ε’κείνη
690 2004 745 2071 καὶ
774 2009 928 2091 φυλακην
955 2004 1024 2094 εἶχε
1052 2023 1119 2076 τῶν

102 2111 264 2196 ἐντολῶν,
290 2109 346 2177 καὶ
368 2115 550 2196 γενόμενον
577 2114 614 2178 τὸ
641 2113 777 2177 παιδίον
800 2117 974 2197 Σαμψῶνα
997 2122 1119 2183 καλοῦ-

103 2234 187 2284 σιν·>
204 2220 343 2305 ἰσχυρὸν
376 2216 405 2282 δ’
437 2217 655 2303 ἀποσημαίνει
684 2219 841 2304 τοῦνομα.
885 2218 1004 2302 ηὔξετο
1037 2221 1066 2287 δ’
1101 2224 1118 2290 ὁ

101 2337 178 2402 παῖς
197 2325 330 2413 ῥηιδίως,
353 2323 408 2390 καὶ
427 2327 527 2408 δῆλος
544 2321 587 2409 ἦν
610 2326 849 2412 προφητεύσων
873 2325 936 2392 ἀπὸ
960 2337 1019 2410 τῆς
1042 2327 1117 2415 περὶ
1130 2342 1153 2382 ²⁰

102 2434 164 2516 τὴν
187 2434 317 2497 δίαιταν
336 2433 555 2518 σωφροσύνης
577 2429 631 2497 καὶ
649 2441 707 2515 τῆς
729 2442 796 2498 τῶν
818 2443 940 2518 τριχῶν
963 2431 1117 2511 ἀνέσεως.

68 2539 213 2620 ε<286>
231 2537 430 2621 ἀφικόμενος
449 2533 486 2601 δὲ
509 2537 589 2620 μετά
611 2547 678 2602 τῶν
700 2535 828 2619 γονέων
851 2540 898 2614 είς
917 2541 1035 2622 Θαμνὰ
1058 2545 1118 2606 πό-

102 2645 158 2704 λιν
175 2652 242 2704 τῶν
259 2645 502 2723 Παλαιστινῶν,
524 2641 740 2726 πανηγύρεως
759 2641 933 2726 ἀγομένης,
955 2642 1015 2730 ἐρᾷ
1034 2667 1118 2731 παρ-

102 2743 207 2811 θένου
230 2757 297 2810 τῶν
320 2744 520 2831 ἐπιχωρίων,
549 2751 732 2831 παρακαλεῖ
751 2770 786 2811 τε
809 2751 887 2825 τοὺς
908 2761 1018 2832 γονεῖς
1041 2752 1117 2834 ἀγε-

1 2918 2 2921 ,
103 2857 184 2916 σθαι
206 2853 288 2935 πρὸς
310 2851 418 2935 γάμον
440 2850 529 2938 αὐτῷ
559 2852 620 2934 την
642 2854 755 2938 κόρην.
801 2850 925 2918 τῶνδ’
953 2853 1117 2940 ἀρνουμέ-
1130 2872 1154 2913 ²5

102 2982 172 3023 νων
202 2957 258 3021 διὰ
287 2959 323 3022 τὸ
353 2959 397 3042 μη
428 2958 601 3042 ὁμόφυλον
629 2953 731 3041 εἶναι,
762 2969 823 3024 τοῦ
851 2965 937 3025 θεοῦ
965 2962 1049 3025 κατὰ
1078 2966 1116 3028 τὸ

97 3060 264 3150 Ἑβραίοις
296 3061 467 3150 συμφέρον
500 3062 714 3141 ἐπινοοῦντος
745 3068 804 3131 τὸν
835 3066 942 3149 γάμον
954 3115 964 3150 ,
1000 3065 1117 3156 ἐκνικᾷ

103 3171 372 3254 μνηστεύσασθαι
395 3171 456 3253 τὴν
477 3167 659 3254 παρθένον.
705 3172 812 3254 <287>
833 3183 977 3256 συνεχῶς
1001 3168 1031 3236 δ’
1055 3173 1116 3237 ἀπ-

102 3279 282 3360 ερχόμενος
308 3278 391 3362 πρὸς
417 3277 495 3351 τοὺς
522 3287 631 3358 γονεῖς
654 3277 755 3360 αὐτῆς
778 3276 970 3363 ἐντυγχάνει
993 3276 1116 3363 λεόντι,

101 3377 154 3444 καλ
186 3385 311 3466 γυμνὸς
340 3382 388 3447 ὢν
417 3380 632 3466 ἐκδεξάμενος
661 3383 765 3448 αὐτὸν
793 3384 885 3468 ἀγχει
912 3393 983 3460 ταῖς
1009 3389 1116 3469 χερσί,
1129 3402 1155 3441 ³0

173 3507 188 3567 ξ
207 3508 259 3557 282
274 3529 308 3549 =
322 3501 409 3558 Iudie.
428 3501 492 3556 XIV
512 3509 554 3558 16.
