2460 3848
495 154 499 159 ·
557 135 685 186 ΠΡΩΤΗ
1085 129 1127 194 29

104 298 315 374 ἀναστάτους
341 297 454 362 αὐτῶν
482 296 540 371 τὰς
568 298 681 372 πόλεις
710 293 873 378 ἐποίησεν.
919 291 1029 374 <138>
1060 288 1129 373 ἐγέ-

106 428 212 471 νοντο
235 399 273 468 δέ
296 400 352 468 καὶ
376 401 555 468 Χαναάνου
576 403 708 484 παῖδες,
738 400 871 482 Σιδών,
894 398 930 476 ὃς
953 395 1008 463 καὶ
1030 400 1129 463 πόλιν

109 511 289 594 ἐπώνυμον
308 503 437 575 ἔκτισεν
456 507 493 573 ἐν
510 516 550 592 τῇ
566 511 719 593 Φοινίκη,
742 507 859 571 Σιδὼν
882 502 912 570 δ’
934 500 992 590 ὑφ’
1015 501 1130 586 Ἑλλή-

107 642 182 685 νων
194 614 251 682 καὶ
263 625 330 682 νῦν
342 620 499 680 καλεῖται.
541 610 700 697 Ἀμάθιος
714 608 752 678 δέ
767 610 918 696 Ἀμάθην
936 608 1129 698 κατῴκισεν,

78 725 183 809 ῦῆτις
204 719 275 789 ἐστὶ
297 719 354 786 καὶ
371 731 437 787 νῦν
454 720 520 786 ὑπὸ
539 716 601 804 μὲν
623 730 691 785 τῶν
714 718 901 804 ἐπιχωρίων
920 714 1049 802 Ἀμάθη
1073 740 1130 780 κα-

109 827 280 914 λουμένη,
310 829 509 904 Μακεδόνες
540 823 572 890 δ’
603 825 707 909 αὐτὴν
727 821 942 909 Ἐπιφάνειαν
971 820 1028 907 ἀφ’
1056 819 1131 898 ἑνὸς

108 947 179 1002 τῶν
202 933 369 1018 ἐπιγόνων
396 933 625 1016 ἐπωνόμασαν.
667 928 819 1015 Ἀράδιος
848 927 885 996 δὲ
901 929 1047 1014 Ἀραδον
1069 930 1130 1011 τὴν

108 1050 218 1126 νῆσον
242 1042 355 1126 ἔσχεν,
382 1039 492 1123 <139>
513 1035 705 1122 Ἀρουκαῖος
735 1033 773 1102 δέ
788 1035 912 1122 ’Ἀρκην
939 1037 1000 1120 τὴν
1025 1035 1061 1100 ἐν
1083 1043 1129 1122 τῷ

109 1147 262 1235 Λιβάνφ.
307 1156 375 1211 τῶν
404 1139 436 1209 δ’
466 1145 577 1209 ἄλλων
609 1141 710 1227 ἑπτά,
743 1147 902 1208 Χετταίου
927 1139 1131 1226 Ἰεβουσαίου

69 1271 97 1315 ¹⁰
106 1251 312 1339 Ἀμορραίου
334 1254 538 1335 Γεργεσαίου
561 1251 691 1316 Εὐαίου
710 1247 904 1315 Ἀσενναίου
924 1249 1132 1332 Σαμαραίου,

110 1360 202 1445 πλὴν
225 1344 293 1424 τῶν
316 1356 491 1441 ὀνομάτων
514 1367 581 1422 τῶν
600 1356 637 1421 ἐν
660 1365 731 1432 ταῖς
755 1356 858 1441 ίεραῑς
880 1358 1008 1439 βίβλοις
1031 1348 1132 1418 οὐδέν

111 1468 247 1552 ἔχομεν·
266 1461 416 1550 Ἑβραῖοι
438 1464 502 1548 γὰρ
525 1462 636 1528 αὐτῶν
660 1459 843 1545 ἀνέστησαν
865 1461 924 1536 τὰς
945 1463 1073 1542 πόλεις,
1097 1459 1132 1524 ἐκ
1151 1479 1167 1525 3

110 1571 270 1655 τοιαύτης
286 1571 394 1646 αίτίας
411 1568 448 1634 ἐν
467 1577 625 1656 συμφορᾷ
647 1565 835 1652 γενομένας.
881 1566 990 1648 <140>
1007 1566 1133 1645 Νώεος,

111 1676 196 1762 μετὰ
209 1677 272 1761 τὴν
286 1674 470 1761 ἐπομβρίαν
485 1684 543 1759 τῆς
553 1683 613 1758 γῆς
625 1676 885 1756 κατασταθείσης
899 1674 946 1748 είς
958 1672 1019 1754 τὴν
1034 1670 1134 1753 αὐτῆς

72 1799 99 1843 1⁵
112 1783 240 1869 φύσιν,
262 1777 313 1847 ἐπ’
341 1783 421 1867 ἔργα
444 1780 575 1868 ἐχώρει,
598 1778 653 1845 καὶ
675 1779 923 1863 καταφυτεύσας
946 1776 1050 1862 αὐτὴν
1074 1775 1133 1861 άμ-

67 1932 72 1939 ·
112 1888 240 1971 πέλοις,
262 1886 361 1971 ἡνίκα
383 1888 444 1954 ’τοῦ
466 1897 594 1971 καρποῦ
612 1884 915 1972 τελεσφορηθέντος
937 1881 1015 1950 καθ’
1042 1885 1133 1970 ὥραν

113 1993 275 2080 ἐτρύγησε
294 1990 350 2057 καὶ
367 2001 477 2076 παρῆν
500 1994 548 2068 είς
570 2002 688 2078 χρῆσιν
703 1994 721 2058 ό
736 1989 838 2074 οίνος,
860 1993 969 2067 θύσας
992 1990 1028 2056 ἐν
1051 1990 1133 2055 εὐω-

114 2103 202 2186 χίαις
224 2093 277 2183 ἣν.
312 2098 421 2181 <141>
440 2095 625 2181 μεθυσθεὶς
647 2095 680 2163 δ’
707 2101 755 2174 είς
776 2097 885 2162 ὕπνον
907 2093 1134 2181 καταφέρεται,

115 2203 173 2271 καὶ
194 2201 449 2289 γεγυμνωμένος
470 2206 689 2288 παρακόσμως
708 2205 822 2268 ἐκειτο.
869 2201 1075 2284 θεασάμενος
1097 2197 1131 2266 δ’

75 2327 104 2368 20
119 2309 224 2375 αὐτὸν
245 2310 263 2377 ό
285 2310 447 2386 νεώτατος
468 2320 537 2375 τῶν
555 2311 684 2374 παίδων
703 2320 771 2386 τοῖς
794 2308 951 2393 ἀδελφοῖς
973 2307 1134 2390 ἐπιγελῶν

119 2416 302 2499 δείκνυσιν,
324 2418 359 2480 οἳ
380 2411 418 2479 δέ
436 2414 685 2502 περιστέλλουσι
707 2417 767 2481 τὸν
789 2413 922 2501 πατέρα.
958 2416 1066 2498 <142>
1079 2413 1135 2479 καὶ

116 2523 236 2599 Νώεος
253 2525 454 2606 αἰσθόμενος
471 2531 541 2598 τοῖς
559 2518 621 2605 μὲν
643 2523 756 2600 άλλοις
779 2521 894 2588 παισὶν
917 2521 1134 2607 εὐδαιμονίαν

117 2629 260 2714 εὐχεται,
269 2637 315 2716 τῷ
324 2624 362 2692 δὲ
372 2629 469 2716 Χάμφ
479 2629 535 2693 διὰ
542 2629 603 2711 τὴν
611 2627 808 2712 συγγένειαν
821 2630 910 2717 αὐτῷ
921 2626 982 2713 μὲν
993 2629 1033 2693 οὐ
1041 2652 1135 2712 κατη-

117 2734 254 2820 ράσατο,
263 2744 333 2810 τοῖς
346 2729 378 2798 δ’
392 2733 541 2817 ἐκγόνοις
554 2732 666 2799 αὐτοῦ.
694 2731 749 2798 καὶ
758 2746 825 2800 τῶν
834 2736 945 2800 ἄλλων
960 2737 1134 2818 διαπεφευ·

77 2856 104 2898 2⁶
118 2842 227 2923 γότων
241 2840 304 2924 τὴν
318 2837 415 2923 ἀράν,
432 2842 511 2916 τούς
525 2839 703 2905 Χαναάνου
717 2842 837 2918 παῖδας
855 2838 1000 2925 μέτεισιν
1014 2841 1033 2905 ὁ
1046 2841 1135 2915 θεός.

185 2943 241 3011 καὶ
265 2943 341 3030 περὶ
364 2941 425 3029 μὲν
447 2944 577 3010 τούτων
600 2944 637 3010 ἐν
660 2958 729 3022 τοῖς
750 2944 824 3030 ἑξῆς
846 2944 1001 3029 ἐροῦμεν·
1026 2944 1170 3028 <143>4

118 3052 220 3137 Σήμμ
243 3048 292 3134 δέ,
314 3059 360 3136 τῷ
382 3053 482 3138 τρίτφ
506 3048 628 3115 Νοιέου
651 3051 747 3133 υίῶν,
769 3048 866 3115 πέντε
889 3052 1039 3131 γίνονται
1061 3059 1136 3115 παί-

119 3157 191 3239 δες,
214 3159 251 3220 οἳ
269 3157 331 3239 τὴν
354 3154 448 3240 μέχρι
471 3164 531 3221 τοῦ
554 3149 624 3221 κατ’
647 3151 770 3222 Ἰνδίαν
794 3155 942 3221 ὠκεανοῦ
964 3167 1136 3224 κατοικοῦ-

119 3279 176 3327 σιν
206 3258 340 3343 Ἀσίαν,
377 3255 432 3325 άπ’
468 3261 648 3349 Εὐφράτου
680 3263 741 3346 τὴν
774 3259 879 3346 ἀρχὴν
910 3262 1135 3348 πεποιημένοι.

78 3367 256 3452 ιοἜλαμος
275 3363 336 3450 μὲν
355 3367 417 3450 γὰρ
437 3364 644 3450 Ἐλαμαίους,
667 3373 809 3453 Περσῶν
828 3368 925 3445 ὄντας
945 3367 1136 3455 ἀρχηγέτας,

193 3485 489 3554 §138=Gen.X15.
525 3488 817 3554 §140=G0n.IX20.
854 3489 1136 3556 §143uG01LX22
1193 3539 1196 3543 .
