2460 3848
129 159 173 223 30
496 160 771 213 ΑΡΧΑΙΟΛΟΓΙΑΣ

127 320 313 386 κατέλιπεν·
333 316 513 404 Ἀσσούρας
531 316 569 385 δὲ
588 324 698 387 Νίνον
721 323 833 399 οἰκίζει
855 322 965 402 πόλιν,
987 316 1042 382 καὶ
1064 321 1144 394 τοὺς

127 427 295 511 ὑπηκόους
320 423 515 511 Ἀσσυρίους
537 427 769 512 ἐπωνόμασεν,
799 430 845 528 οἳι
858 427 998 510 μάλιστα
1025 424 1143 508 ηύδαι-

128 537 286 617 μόνησαν.
333 534 443 616 <144>
463 530 668 619 Ἀρφαξάδης
696 530 733 599 δὲ
760 536 838 609 τοὺς
864 542 928 598 νῦν
953 532 1143 608 Χαλδαίους

119 635 353 720 ’καλουμένους
381 634 641 723 Ἀρφαξαδαίους
674 639 864 721 ὠνόμασεν,
896 635 996 721 άρξας
1022 637 1141 702 αὐτῶν.

124 739 321 827 Ἀραμαίους
353 741 389 808 δὲ
412 741 557 829 Ἀραμος
588 746 703 829 ἔσχεν,
735 743 794 820 οὓς
816 740 975 826 Ἕλληνες
1007 745 1170 829 Σύρουςε

127 851 443 934 προσαγορεύουσιν.
490 850 548 927 οὓς
571 847 608 915 δὲ
631 850 767 926 Λυδοὺς
788 859 853 915 νῦν
875 854 1029 932 καλοῦσι,
1053 851 1143 914 Λού-

128 956 208 1031 δους
231 951 269 1019 δέ
291 959 379 1039 τότε,
402 957 537 1033 Λούδας
560 959 674 1021 ἔκτισε.
719 956 827 1039 <145>
850 966 917 1020 τῶν
940 951 978 1020 δὲ
996 952 1142 1040 Ἀράμου

127 1062 256 1125 παίδων
283 1062 446 1148 τεττάρων
474 1064 597 1145 όντων,
626 1057 737 1138 Οὖσος
764 1057 825 1146 μὲν
848 1064 946 1139 κτίζει
969 1062 1030 1145 τῆν
1058 1064 1142 1145 Τρα-

127 1177 263 1251 χωνῖτιν
285 1165 340 1231 καὶ
358 1172 540 1252 Δαμασκόν
564 1167 660 1253 (μέση
685 1166 715 1232 δ’
743 1166 812 1233 ἐστὶ
836 1176 892 1251 τῆς
915 1170 1143 1250 Παλαιστίνης

127 1271 182 1337 καὶ
205 1276 330 1356 Κοίλης
347 1274 499 1358 Συρίας),
518 1272 693 1359 Ἀρμενίαν
717 1271 754 1339 δέ
774 1269 894 1357 Οὖλος,
916 1271 972 1338 καὶ
990 1273 1142 1359 Γάθερος
1158 1297 1183 1336 10

126 1380 363 1464 Βακτριανούς,
385 1384 506 1463 Μησᾶς
524 1377 562 1445 δὲ
579 1384 811 1463 Μησαναίους·
834 1382 1009 1444 Σπασίνου
1029 1377 1140 1465 Χάραξ

127 1483 164 1548 ἐν
186 1495 255 1562 τοῖς
272 1483 510 1552 νῦνκαλείται.
547 1487 656 1569 <146>
668 1483 876 1572 Ἀρφαξάδου
896 1481 933 1551 δὲ
955 1496 1031 1561 παίς
1053 1489 1142 1566 γίνε-

126 1615 179 1656 ται
208 1592 341 1677 Σάλας,
372 1603 432 1658 τοῦ
462 1588 500 1657 δέ
513 1590 671 1679 Ἕβερος,
703 1589 757 1677 ἀφ’
783 1587 825 1658 οὗ
853 1595 932 1669 τοὺς
958 1588 1142 1667 Ἰουδαίους

118 1696 296 1783 Ἑβραίους
323 1696 470 1782 ἀρχῆθεν
499 1697 648 1762 ἐκάλουν.
684 1694 823 1781 Ἕβερος
849 1693 886 1761 δὲ
911 1694 1058 1762 Ἰούκταν
1085 1694 1142 1762 καὶ

126 1806 279 1870 Φάλεκον
302 1802 486 1886 ἐγέννησεν.
533 1803 658 1888 ἐκλήθη
683 1800 720 1868 δὲ
740 1804 899 1886 Φάλεκος,
923 1802 1035 1887 ἐπειδὴ
1058 1805 1141 1868 κατὰ
1156 1825 1182 1864 15

124 1912 183 1975 τὸν
207 1909 400 1992 ἀποδασμὸν
418 1920 485 1974 τῶν
505 1912 667 1992 οίκῆσεων
690 1913 843 1975 τίκτεται·
867 1908 972 1995 φάλεκ
994 1910 1057 1995 γάρ
1081 1912 1141 1975 τὸν

125 2018 285 2101 μερισμὸν
312 2013 461 2101 Ἑβραῖοι
492 2021 662 2082 καλοῦσιν.
717 2016 826 2098 <147>
855 2013 982 2102 Ἰούκτᾳ
1019 2011 1056 2080 δὲ
1091 2024 1138 2103 τῷ

120 2120 257 2209 Ἑβέρου
280 2124 373 2188 παιδὶ
396 2117 482 2206 ἦσαν
504 2121 574 2188 υίοὶ
593 2118 817 2206 Ἐλμόδαδος,
840 2122 1008 2207 Σάλεφος,
1034 2119 1139 2208 Ἀζερ-

124 2230 252 2313 μώθης,
273 2233 409 2316 Είραῆς,
429 2227 628 2313 Ἐδώραμος,
650 2233 803 2313 Αίξηλος,
825 2227 966 2311 Λέκλας,
980 2224 1139 2311 Ἤβαλος,

121 2331 328 2418 Ἀβιμάηλος,
342 2337 484 2419 Σαβεύς,
496 2330 657 2420 Ὀφείρης,
671 2335 847 2418 Εὐιλάτης,
859 2332 1026 2418 Ἰώβαβος·
1045 2329 1140 2399 οὗτοι
1153 2356 1180 2395 ιο

124 2437 188 2503 άπὸ
208 2443 372 2524 Κωφῆνος
394 2451 543 2523 ποταμοῦ
567 2449 623 2522 τῆς
639 2435 777 2523 ’Ἰνδικῆς
799 2439 854 2504 καὶ
872 2451 930 2525 τῆς
948 2441 1030 2525 πρὸς
1048 2440 1137 2527 αὐτῷ

121 2540 229 2628 Ἀρίας
251 2546 326 2608 τινά
348 2555 546 2610 κατοικοῦσι.

190 2658 292 2714 ταῦτα
324 2647 386 2734 μὲν
417 2649 493 2736 περὶ
524 2663 591 2716 τῶν
623 2654 742 2736 Σῆμου
774 2653 903 2717 παίδων
937 2653 1138 2737 ἱστορήσθω,

88 2755 234 2838 σ<148>
253 2757 432 2840 ποιήσομαι
456 2753 493 2822 δὲ
511 2756 586 2844 περὶ
604 2755 768 2844 Ἑβραίων
791 2760 850 2823 τὸν
873 2761 983 2841 λόγον.
1032 2757 1138 2823 Φαλέ-

124 2886 186 2928 κου
209 2862 272 2948 γάρ
295 2870 355 2927 τοῦ
373 2860 510 2949 Ἑβέρου
529 2868 653 2948 γίνεται
672 2877 748 2941 παῖς
766 2862 933 2947 Ῥάγανος,
956 2865 1076 2930 τούτου
1101 2861 1139 2930 δέ
1152 2882 1179 2922 2⁵

124 2974 309 3055 Σεροῦγος,
332 2960 358 3056 ηδ
383 2971 547 3056 Ναχώρης
569 2971 643 3046 υίὸς
665 2974 820 3054 τίκτεται,
843 2971 964 3035 τούτου
988 2967 1026 3035 δέ
1050 2971 1138 3057 Θάρ-

124 3099 190 3159 ρος.
228 3077 333 3162 πατὴρ
352 3069 385 3140 δ’
407 3071 503 3153 οὗτος
518 3074 684 3162 Ἀβράμου
703 3080 839 3161 γίνεται,
863 3076 899 3153 ὃς
918 3075 1053 3153 δέκατος
1076 3075 1138 3161 μέν

124 3181 214 3247 ε’στιν
229 3182 293 3248 άπὸ
307 3180 439 3265 Νωέον,
463 3182 606 3272 δευτέρῳ
625 3180 656 3248 δ’
675 3186 739 3248 ἔτει
757 3182 813 3248 καὶ
836 3183 1039 3272 ἐνενηκοστῷ
1054 3185 1137 3268 πρὸς

124 3285 219 3373 (τοῖς)
245 3288 428 3365 ἐνακοσίοις
450 3289 530 3372 μετὰ
552 3291 613 3373 τῆν
636 3287 819 3375 ἐπομβρίαν
842 3288 981 3373 ἐγένετο.
1027 3290 1137 3373 <149>

124 3395 255 3479 (θάρρος
277 3391 338 3479 μὲν
361 3397 423 3481 γάρ
443 3396 507 3460 ἔτει
526 3391 757 3483 ἑβδομηκοστῷ
781 3408 920 3462 ποιεῖται
943 3399 1002 3462 τὸν
1017 3394 1138 3482 Ἀβρα-
1151 3413 1179 3454 ω

195 3516 459 3582 §144=Gen.x
479 3521 521 3570 22.
595 3516 931 3582 §148=·G0n.X118.
