2460 3848
123 145 190 210 282
495 147 770 200 mmmm

124 331 204 392 ρους
227 303 313 374 εἶναι
336 309 408 373 δεῖν
435 304 599 391 ὑπέλαβε,
625 308 786 384 πολλάκις
807 303 882 383 ἑνὸς
904 305 1074 394 πλέθρου
1098 308 1157 374 κάν

123 416 241 498 χιλίων
272 413 429 492 ἀνταξίου
462 411 654 497 γενομένου.
707 413 793 496 <79>
823 412 859 478 οί
886 409 922 477 δ’
960 414 1096 501 ἄνδρες
1128 415 1158 480 οἱ

122 518 330 606 πεμφθέντες
349 519 442 605 (δέκα
461 517 492 585 δ’
509 515 610 606 ἦσαν)
628 515 903 604 περιοδεύσαντές
921 542 958 583 τε
977 519 1042 585 καὶ
1067 544 1155 606 τιμη

123 628 261 711 σάμενοι
291 627 352 708 τήν
375 635 454 708 γῆν,
483 625 520 691 ἐν
544 623 675 714 ἑβδόμῳ
698 622 779 709 μηνὶ
801 633 958 709 παρῆσαν
980 629 1076 712 πρὸς
1100 627 1154 692 αύ-

122 733 181 796 τὸν
204 734 252 807 είς
274 735 443 795 Σιλοῦντα
466 733 584 814 πόλιν,
607 732 693 796 ἔνθα
714 732 776 815 τήν
799 730 927 814 σκηνήν
952 727 1172 797 ἑστάκεσανι

67 855 103 905 22
123 836 210 919 <80>
228 833 283 899 καὶ
303 833 431 919 Ἰησοῦς
449 834 645 922 Ἐλεάζαρόν
663 858 697 901 τε
715 833 770 901 καὶ
788 837 850 920 τήν
872 840 1067 921 γερουσίαν
1091 841 1151 903 σῦν

120 951 190 1017 τοῖς
217 941 400 1026 φυλάρχοις
426 942 647 1027 παραλαβών,
675 940 768 1026 νέμει
795 953 866 1018 ταῖς
894 939 995 1007 ἐννέα
1026 951 1150 1028 φυλαῖς

121 1043 262 1112 καὶτῶν
281 1050 517 1132 Μανασσητῶν
539 1060 609 1125 τοῖς
630 1048 774 1132 ἡμίσεσι,
796 1048 878 1113 κατά
901 1045 1054 1132 μέγεθος
1080 1049 1148 1127 ἑκά-

121 1167 200 1235 στης
218 1164 285 1218 τῶν
303 1159 421 1238 φυλῶν
440 1156 501 1239 τήν
520 1152 678 1240 μέτρησιν
696 1154 927 1238 ποιησάμενος.
962 1155 1058 1239 <81>
1073 1161 1148 1240 κλη-

121 1258 290 1343 ρώσαντος
309 1256 341 1324 δ’
360 1259 475 1342 αὐτοῦ,
496 1256 594 1344 ἡμὲν
614 1257 724 1326 Ἰούδα
743 1264 890 1345 λαχοῦσα
907 1268 1023 1325 πᾶσαν
1045 1263 1147 1349 αἱρεῖ·
1159 1279 1177 1319 1⁰

120 1387 173 1429 ται
187 1367 249 1450 τήν
262 1367 478 1453 καθύπερθεν
489 1363 692 1451 Ἰδουμαίαν,
706 1369 974 1451 παρατείνουσαν
988 1363 1056 1451 μέν
1071 1370 1146 1454 άχρι

119 1482 187 1536 τῶν
209 1470 467 1558 Ἰεροσολύμων,
495 1475 532 1538 τὸ
560 1469 591 1537 δ’
618 1467 717 1557 εὖρος
744 1472 806 1550 ἕως
832 1481 889 1556 της
916 1474 1147 1556 Σοδομίτιδος

120 1581 238 1662 λίμνης
269 1583 495 1664 καθήκουσαν.
541 1577 578 1645 ἐν
611 1575 648 1644 δέ
674 1588 720 1667 τῷ
752 1583 864 1668 κλήρφ
890 1579 1001 1666 τούτῳ
1029 1583 1147 1657 πόλεις

119 1679 205 1765 ἦσαν
225 1681 394 1750 Ἀσκάλων
413 1683 468 1750 καὶ
486 1685 581 1762 Γάζα.
620 1685 706 1768 <82>
725 1682 900 1768 Συμεωνὶς
924 1681 963 1748 δέ
987 1683 1146 1773 (δευτέρα

119 1791 183 1876 γάρ
206 1786 263 1876 ἦν)
288 1795 382 1877 ἔλαχε
410 1799 467 1874 της
485 1787 673 1874 Ἰδουμαίας
694 1791 755 1874 τήν
779 1791 937 1878 Αἰγύπτῳ
960 1813 997 1854 τε
1021 1791 1083 1857 καὶ
1106 1803 1145 1880 τῇ
1158 1808 1178 1849 1⁵

116 1892 253 1983 Ἀραβίᾳ
270 1900 438 1983 πρόσορον
457 1890 571 1961 οὖσαν.
616 1899 811 1980 Βενιαμῖται
830 1892 868 1960 δέ
885 1897 946 1980 τήν
970 1894 1037 1962 άπὸ
1058 1896 1145 1986 Ἰορ·

121 2001 226 2069 δάνου
253 2014 403 2089 ποταμοῦ
431 2005 550 2088 ἔλαχον
578 2003 654 2087 άχρι
681 2002 848 2087 θαλάττης
877 1998 939 2086 μέν
961 2003 999 2066 τὸ
1024 2013 1145 2090 μῆκος,

120 2112 157 2175 τὸ
181 2107 218 2175 δέ
244 2110 366 2187 πλάτος
388 2107 632 2196 Ἱεροσολύμοις
660 2107 855 2194 ὁριζομένην
883 2107 937 2172 καὶ
960 2111 1144 2192 Βεθήλοις.

120 2218 319 2292 στενώτατος
351 2212 382 2280 δ’
419 2216 437 2280 δ
469 2219 590 2300 κλῆρος
617 2209 714 2291 οὗτος
745 2209 787 2296 ήν
820 2214 876 2278 διὰ
903 2214 964 2296 τήν
991 2223 1050 2297 τῆς
1082 2227 1146 2301 γῆς

119 2321 255 2407 ἀρετήν·
274 2318 475 2405 Ἱεριχοῦντα
499 2321 561 2404 γὰρ
584 2319 640 2385 καὶ
658 2322 719 2405 τήν
737 2317 1011 2406 Ἱεροσολυμιτῶν
1036 2325 1142 2388 πόλιν
1157 2342 1181 2381 ω

120 2431 249 2512 ἔλαβον.
296 2428 382 2509 <83>
400 2424 467 2509 ἡδ’
492 2424 675 2510 Ἐφραίμου
694 2428 783 2511 φυλή
802 2428 863 2511 τήν
882 2426 958 2510 άχρι
976 2427 1142 2510 Γαζάρων

119 2531 183 2596 άπὸ
202 2529 375 2615 Ἰορδάνου
403 2541 553 2613 ποταμοῦ
580 2530 814 2615 μηκυνομένην
836 2535 971 2616 ἔλαχεν,
1001 2531 1141 2617 εὐρεῖαν

120 2633 150 2701 δ’
182 2635 262 2700 ὅσον
294 2634 359 2700 ἀπὸ
389 2639 553 2720 Βεθήλων
585 2639 633 2713 εἰς
662 2640 699 2702 τὸ
729 2636 812 2721 μέγα
842 2642 978 2724 τελευτᾷ
1007 2641 1139 2709 πεδίον.

119 2750 176 2824 της
205 2737 242 2805 δέ
271 2744 531 2825 Μανασσήτιδος
558 2743 594 2807 οί
622 2743 750 2827 ἡμίσεις
780 2741 844 2808 ἀπὸ
872 2739 933 2826 μὲν
960 2741 1138 2829 Ἰορδάνου

119 2846 212 2935 μέχρι
241 2849 371 2935 Δώρων
397 2850 540 2931 πόλεως,
567 2848 689 2926 πλάτος
717 2846 750 2913 δ’
783 2847 835 2914 ἐπὶ
858 2849 1091 2935 Βηθησάνων,
1114 2852 1179 2936 ἣτε

119 2967 183 3022 νῦν
220 2959 434 3032 Σκυθόπολις
470 2959 625 3020 καλεῖται.
678 2957 765 3039 <84>
797 2953 851 3019 καὶ
884 2956 964 3039 μετὰ
996 2957 1138 3034 τούτους

116 3059 288 3148 Ἰσάχαρις,
312 3063 492 3149 Κάρμηλον
511 3064 548 3127 τὸ
566 3065 643 3149 ὅρος
663 3060 718 3129 καλ
741 3065 800 3128 τὸν
818 3064 967 3145 ποταμὸν
990 3072 1050 3127 τοῦ
1074 3067 1137 3148 μή-

119 3191 197 3246 κους
228 3167 433 3253 ποιησαμένη
462 3165 619 3253 τέρματα,
647 3173 683 3236 τὸ
708 3166 738 3234 δ’
763 3167 949 3253 Ἰταβύριον
965 3170 1051 3252 ,ὄρος
1073 3181 1136 3237 τοῦ

118 3274 269 3350 πλάτους.
316 3277 546 3358 Ζαβυλωνῖται
577 3271 614 3341 δέ
643 3278 704 3361 τήν
734 3273 827 3360 μέχρι
856 3276 1136 3359 Γεννησαρίτιδος

189 3414 375 3477 §79=10s.
393 3411 485 3467 XVIII
504 3419 529 3470 8.
589 3412 886 3480 §81=10s.xv1.
947 3413 1133 3477 §82=10s.

117 3500 181 3554 XIX
201 3506 277 3554 1-9.
335 3502 646 3568 §83=10s.xv15.
704 3500 1032 3568 §84=10s.xlx17.
