2460 3848
120 155 161 220 18
487 152 762 206 ΑΡΧΑτοΛονΙΑΣ

116 328 248 405 πρώτον
272 325 360 402 μήνα
385 313 569 400 διεφύλαξε.
615 316 676 397 τήν
700 310 730 378 δ’
758 313 942 398 ἐπομβρίαν
967 311 1138 398 ἀρξασθαί

117 442 200 509 φησι
226 433 264 509 τῇ
293 420 418 506 ἑβδόμη
445 430 505 487 τοῦ
532 418 773 506 προειρημένου
801 422 904 504 μηνὸς
932 416 987 484 καλ
1015 418 1133 483 είκάδι.

118 531 205 615 <82>
228 533 347 615 χρόνος
371 524 401 593 δ’
429 522 527 603 οὗτος
554 523 609 591 ἀπ’
633 522 777 610 Ἀδάμον
800 536 860 591 τοῦ
883 526 1015 610 πρώτου
1039 548 1134 607 γεγο-

119 639 216 712 νότος
239 634 321 700 ἐτῶν
340 633 464 719 ὑπήρξε
483 634 655 719 δισχιλίων
679 634 858 699 διακοσίων
883 630 1039 715 ἑξήκοντα
1063 631 1136 696 δύο.

117 739 360 827 ἀναγέγραπται
384 738 415 805 δ’
443 739 461 805 δ
485 742 605 825 χρόνος
627 738 664 804 ἐν
687 751 757 816 ταῖς
780 740 883 825 ίεραϊς
905 740 1050 822 βίβλοις,
1074 753 1163 820 ση-τ

116 844 323 931 μειουμένων
352 847 432 931 μετά
458 849 582 928 πολλῆς
612 844 779 929 ἀκριβείας
805 856 872 910 τῶν
902 848 975 910 τότε
998 842 1053 908 καὶ
1076 844 1135 920 τάς

116 952 262 1036 γενέσεις
283 964 350 1018 τών
374 951 546 1034 ἐπιφανῶν
569 949 704 1032 ἀνδρῶν
726 949 782 1015 καλ
804 951 863 1027 τάς
884 949 1044 1026 τελευτάς.

79 1077 97 1126 4
183 1061 269 1144 <83>
294 1055 425 1146 ’Λδάμφ
453 1053 513 1140 μὲν
544 1051 606 1122 οὖν
635 1065 816 1145 τριακοστῷ
844 1059 909 1140 ήδη
937 1053 993 1120 καλ
1022 1056 1134 1120 διακο-

117 1175 237 1254 σιοστῷ
263 1168 327 1232 ἐτει
350 1167 502 1248 γεγονότι
524 1175 601 1240 παῖς
621 1168 737 1247 Σῆθος
760 1167 896 1247 γίνεται,
920 1161 956 1239 ὃς
978 1161 1135 1227 ἐνακόσια

117 1269 204 1357 [μὲν]
224 1270 279 1337 καλ
297 1271 473 1357 τριάκοντα
492 1268 629 1352 ἐβίωσεν
649 1272 713 1352 ἐτη.
759 1273 874 1352 Σῆθος
894 1266 930 1334 δέ
949 1270 1030 1334 κατά
1052 1267 1133 1353 πέμ-
1149 1291 1175 1331 ιο

115 1399 198 1444 κτον
234 1377 289 1443 καλ
321 1378 554 1442 διακοσιοστὸν
589 1378 661 1452 ἐτος
692 1372 870 1457 ἐγέννησεν
894 1372 1065 1458 Ἕνωσον,
1098 1375 1135 1453 ὃς

116 1481 213 1549 πέντε
234 1486 330 1567 ζήσας
352 1486 406 1566 ἐτη
426 1480 480 1546 καλ
499 1480 654 1547 ἐνακόσια
672 1485 784 1568 Καϊνᾷ
801 1490 846 1569 τῷ
865 1479 959 1545 παιδὶ
981 1482 1042 1564 τήν
1066 1493 1134 1548 τῶν

115 1590 317 1676 πραγμάτων
346 1586 534 1673 ἐπιμέλειαν
560 1589 805 1673 παραδίδωσιν,
837 1588 1003 1663 τεκνώσας
1029 1586 1134 1653 αὐτόν

114 1695 189 1783 περὶ
213 1694 390 1762 ἑκατοστὸν
417 1692 472 1759 καὶ
501 1694 718 1778 ἐνενηκοστὸν
747 1696 825 1770 ἐτος.
871 1689 970 1769 οὗτος
994 1692 1133 1776 ἐβίωσεν

115 1806 169 1887 ἐτη
203 1805 332 1868 δώδεκα
363 1803 446 1884 πρὸς
476 1810 546 1875 τοῖς
578 1798 770 1875 ἐνακοσίοις.
817 1798 904 1882 <84>
936 1801 1063 1874 Καϊνᾶς
1095 1795 1133 1863 δέ
1148 1819 1175 1860 ω

114 1911 208 1991 βιοὺς
236 1905 316 1972 δέκα
345 1904 400 1970 καλ
427 1904 582 1969 ἐνακόσια
604 1905 790 1987 Μαλάηλον
816 1904 893 1969 υίὸν
922 1906 1035 1989 ἐσχεν,
1067 1907 1133 1969 ἐτει

115 2017 296 2098 γενόμενον
321 2008 482 2098 ἑκατοστῷ
508 2007 750 2097 ἑβδομηκοστῷ.
788 2006 884 2086 οὗτος
908 2011 930 2075 ὁ.
948 2011 1134 2094 Μαλάηλος

116 2122 212 2203 ζήσας
234 2117 331 2185 πέντε
350 2120 432 2204 πρὸς
450 2127 519 2194 τοῖς
539 2116 737 2202 ἐνενήκοντα
755 2115 809 2182 καλ
834 2117 1039 2191 ὀκτακοσίοις
1063 2115 1130 2180 ἐτε-

114 2228 283 2311 λεύτησεν,
303 2224 451 2311 Ἰαρέδην
470 2226 658 2290 καταλιπὼν
680 2224 769 2308 υίόν,
793 2223 832 2288 δν
856 2225 927 2298 έτος
951 2219 1128 2306 ἑξηκοστὸν

113 2334 177 2415 ήδη
207 2331 262 2396 καλ
293 2329 469 2396 ἑκατοστὸν
498 2328 553 2393 καὶ
580 2327 728 2414 πέμπτον
756 2331 935 2412 γενόμενος
964 2326 1130 2411 ἐγέννησε.
1145 2351 1173 2390 νο

113 2437 200 2518 <85>
223 2447 341 2501 τοῦτον
365 2437 411 2511 είς
435 2431 531 2498 ἐννέα
558 2433 613 2498 καλ
643 2431 799 2516 ἑξήκοντα
821 2435 903 2518 πρὸς
925 2445 994 2510 τοῖς
1017 2433 1131 2499 ἐνακο-

115 2542 199 2616 σίοις
212 2540 379 2622 βιώσαντα
394 2536 542 2623 ’Ἁνωχος
555 2539 629 2614 υίὸς
643 2535 838 2623 διαδέχεται,
861 2538 1038 2622 γεννηθεὶς
1055 2539 1131 2624 περὶ

114 2646 168 2729 ἐτη
200 2646 262 2710 δύο
292 2642 346 2708 καλ
380 2641 537 2728 ἑξήκοντα
568 2641 623 2707 καὶ
654 2641 771 2710 ἑκατὸν
800 2655 859 2710 τοῦ
887 2647 1010 2731 πατρὸς
1039 2645 1128 2733 αὐτῷ

113 2751 343 2837 τυγχάνοντος.
389 2745 485 2825 οὗτος
518 2752 615 2833 ζήσας
645 2748 741 2815 πέντε
773 2749 828 2816 καὶ
861 2748 1019 2834 ἑξήκοντα
1048 2753 1131 2837 πρὸς

113 2869 183 2934 τοῖς
205 2858 408 2943 τριακοσίοις
430 2854 617 2942 ἀνεχώρησε
640 2859 722 2942 πρὸς
744 2858 781 2923 τὸ
803 2862 914 2922 θεῖον·
944 2857 1026 2921 ὅθεν
1050 2853 1130 2922 οὐδὲ
1144 2877 1171 2918 25

114 2964 271 3047 τελευτήν
293 2960 397 3026 αὐτοῦ
422 2959 679 3048 ἀναγεγράφασι.
727 2963 813 3045 <86>
836 2963 1069 3038 Μαθουσάλας
1092 2959 1129 3027 δὲ

109 3065 255 3154 Ἀνώχου
287 3080 363 3145 παῖς
394 3060 465 3132 κατ’
501 3070 572 3145 ἐτος
603 3068 692 3156 αὐτῷ
725 3070 870 3152 γεγονώς
897 3067 1045 3152 πέμπτον
1073 3068 1129 3135 καὶ

113 3171 288 3258 ἑξηκοστὸν
310 3171 366 3238 καὶ
390 3171 565 3239 ἑκατοστὸν
589 3174 743 3259 Λάμεχον
767 3176 842 3241 υίὸν
866 3177 951 3261 ἐσχε,
974 3174 1051 3260 περὶ
1073 3178 1128 3259 ἐτη

112 3279 257 3364 γεγονὼς
276 3277 355 3344 ἑπτά
374 3278 428 3345 καὶ
448 3279 653 3362 ὀγδοήκοντα
671 3278 726 3345 καὶ
745 3278 875 3360 ἑκατόν·
896 3275 921 3368 ᾧ
942 3283 1004 3364 τήν
1023 3280 1128 3367 ἀρχήν

110 3383 314 3471 παρέδωκεν,
337 3386 436 3462 αὐτὸς
458 3384 562 3467 αὐτὴν
585 3386 758 3471 κατασχὼν
782 3389 835 3471 ἐτη
860 3385 956 3452 ε’ννέα
979 3386 1034 3452 καλ
1057 3385 1128 3469 ἑξή-
1142 3407 1170 3447 ω

184 3512 198 3573 5
218 3513 251 3560 83
267 3532 300 3550 =
316 3505 384 3560 Gen.
404 3505 430 3559 V
449 3512 473 3560 6.
