2460 3848
100 146 167 213 222
469 150 743 203 ΔΡΧΔΙΟΔΟΓΙΑΣ

101 309 185 396 αὕτη
209 308 264 398 ἐφ’
291 302 342 389 οἷς
363 312 570 376 Μαδιανῖται
593 315 830 396 παρακαλοῦσι.
875 319 937 374 τοῦ
961 305 992 374 δ’
1022 308 1124 394 έμπο-

102 418 174 484 δίον
192 418 329 495 στάντος
343 415 528 502 ἀφικνεῖται
547 419 629 502 πρὸς
647 420 725 494 τοὺς
742 415 906 504 πρέσβεις,
923 421 1125 502 προθυμίαν

104 521 167 609 μὲν
192 522 249 591 καὶ
280 524 432 607 σπουδὴν
462 524 524 607 τὴν
553 524 644 590 ι’δίαν
671 523 859 609 ἐμφανίζων
887 522 1000 600 αὐτοῖς
1029 525 1124 600 είςᾶ

103 630 234 699 δέονται
256 641 380 714 τυχεῖν,
402 632 462 696 τὸν
484 632 569 696 θεὸν
588 626 619 695 δ’
642 629 827 715 ἀντιλέγειν
850 631 954 696 αὐτοῦ
975 638 1016 714 τῇ
1039 650 1145 716 προ-.

102 735 364 820 αιρέσειδηλῶν,
387 735 540 814 δςαάτδν
555 734 609 801 έπλ
627 747 767 803 τοσοῦτο
781 735 877 814 κλέος
894 732 939 801 δι’
957 734 1151 820 ἀληθειανῡ

103 840 158 907 ml
171 842 234 926 την
246 841 367 926 ταύτης
380 847 567 930 πρόρρησιν
582 841 714 926 ἀγάγοι·
738 843 847 927 <106>
862 845 921 908 τὸν
940 843 1004 925 γάρ
1024 857 1125 927 στρα-

101 951 172 1032 τόν,
195 941 222 1036 ᾦ
246 953 517 1036 καταρασόμενον
540 949 643 1014 αὐτὸν
666 947 780 1015 έλθεῖν
802 952 1050 1034 παρακαλοῦσι,
1074 945 1120 1012 δι’

102 1052 235 1132 εὐνοίας
252 1049 340 1120 εἶναι
357 1064 404 1143 τῷ
422 1062 504 1145 θεῷ.
550 1052 774 1140 συνεβούλευέ
788 1077 823 1119 τε
842 1055 899 1119 διά
917 1054 1042 1136 ταύτην
1059 1055 1125 1138 τὴν

102 1161 213 1226 αἰτίαν
234 1172 356 1247 χωρεῖν
377 1157 455 1248 παρ’
478 1161 599 1238 αὐτοὺς
620 1162 682 1245 την
705 1163 831 1247 ἔχθραν
853 1162 915 1244 τὴν
937 1161 1021 1245 πρὸς
1043 1163 1125 1237 τοὺς

67 1281 83 1330 3
99 1263 302 1353 Ἰσραηλίτας
315 1265 612 1351 καταλυσαμένους.
657 1267 767 1352 <107>
784 1265 840 1333 καὶ
858 1268 935 1344 τοὺς
958 1262 1020 1351 μέν
1043 1266 1124 1352 πρέ·
1138 1280 1164 1320 1⁰

103 1376 193 1457 σβεις
221 1369 313 1438 ταῦτ’
339 1373 442 1439 εἰπὼν
470 1371 633 1457 ἀπέλυσε,
655 1375 862 1439 Μαδιανῖται
885 1370 941 1456 δέ,
963 1373 1123 1439 Βαλάκου

103 1480 235 1565 σφόδρα
263 1478 455 1562 ἐγκειμένου
482 1477 537 1544 καὶ
564 1477 681 1564 δέησιν
709 1484 830 1565 λιπαρῆ
860 1478 1123 1565 προσφέροντος,

102 1585 204 1652 πάλιν
225 1584 391 1670 πέμπουσι
417 1587 501 1671 πρὸς
530 1587 589 1652 τὸν
612 1587 780 1670 Βάλαμον.
826 1585 979 1661 κάκεῖνος
999 1588 1123 1668 βουλό·

103 1714 202 1776 μενος
223 1695 415 1778 χαρίζεσθαι
442 1703 511 1768 τοῖς
539 1690 702 1778 ἀνδράσιν
726 1692 866 1778 ἀνήρετο
889 1693 1064 1757 τὸνθεόν.
1104 1691 1123 1757 ὃ

103 1794 141 1865 δέ
159 1796 215 1863 καῖ
232 1807 289 1882 τῆς
306 1801 420 1884 πείρας
439 1798 643 1882 δυσχεράνας
660 1799 787 1863 κελεύει
806 1793 912 1882 μηδὲν
935 1795 1122 1880 ἀντιλέγειν
1137 1811 1163 1850 1⁵

101 1916 171 1982 τοῖς
193 1902 381 1991 πρέσβεσιν.
418 1902 436 1968 ὃ
460 1900 490 1968 δ’
518 1903 579 1988 οὐχ
602 1903 782 1988 ὑπολαβὼν
805 1902 912 1990 ἀπάτη
935 1913 1037 1970 ταῦτα
1061 1905 1123 1968 τὸν

101 2014 185 2078 θεὸν
218 2007 464 2094 κεκελευκέναι,
496 2007 658 2096 συναπῄει
690 2021 759 2086 τοῖς
789 2008 956 2096 πρέσβεσι.
1008 2009 1121 2093 (108)

102 2117 185 2183 κατά
208 2113 246 2182 δέ
268 2119 330 2202 την
359 2118 441 2185 ὁδὸν
468 2115 611 2201 ἀγγέλου
637 2121 736 2182 θείου
759 2119 1007 2202 προσβαλόντος
1028 2115 1119 2203 αὐτῷ

102 2223 184 2288 κατά
211 2247 242 2288 τι
270 2227 388 2290 στενὸν
415 2227 539 2309 χωρίον
566 2221 842 2310 περιειλημμένον
873 2224 1041 2308 αἱμασιαῖς
1069 2223 1120 2285 δι-

101 2335 216 2412 πλαῖς,
238 2330 258 2413 η
283 2332 360 2407 ὄνος
384 2326 435 2414 ἐφ’
462 2325 501 2413 ἧς
524 2330 542 2396 ὁ
565 2331 720 2415 Βάλαμος
743 2329 875 2415 ὠχεῖτο,
899 2338 1035 2395 συνεῖσα
1057 2338 1120 2394 τοῦ
1134 2347 1161 2386 εν

101 2439 200 2501 θείου
227 2437 413 2518 πνεύματος
439 2435 666 2518 ὑπαντῶντος,
693 2433 847 2500 ἀπέκλινε
878 2437 937 2500 τὸν
959 2435 1120 2518 Βάλαμον

101 2544 184 2626 πρὸς
201 2543 261 2606 τὸν
280 2539 393 2627 ἕτερον
411 2551 477 2605 τῶν
496 2546 659 2626 θριγκῶν,
682 2539 893 2624 ἀναισθήτως
912 2542 1033 2626 ἔχουσα
1050 2551 1119 2606 τῶν

100 2651 238 2731 πληγῶν
262 2647 301 2724 ἀς
323 2647 341 2713 ὁ
364 2647 519 2730 Βάλαμος
542 2645 701 2731 ἐπέφερεν
724 2647 823 2731 αὐτῇ,
852 2652 1055 2713 κακοπαθῶν
1078 2655 1119 2730 τῇ

101 2756 218 2832 θλίψει
236 2761 274 2838 τῇ
293 2754 375 2839 πρὸς
392 2754 452 2817 τὸν
470 2755 622 2837 θριγκόν.
668 2752 778 2835 <109>
801 2753 845 2830 ὡς
868 2750 899 2817 δ’
927 2751 1119 2837 έγκειμένου

101 2868 162 2925 τοῦ
185 2858 330 2943 ἀγγέλου
348 2859 369 2942 ἡ
389 2860 466 2936 ὄνος
485 2855 669 2942 τυπτομένη
690 2858 828 2943 ὤκλασε,
850 2861 932 2924 κατά
954 2859 1119 2942 βούλησιν
1132 2877 1160 2916 2⁵

100 2971 186 3031 θεοῦ
218 2967 336 3050 φωνην
373 2964 592 3050 ἀνθρωπίνην
623 2968 772 3049 λαβοῦσα
804 2963 1026 3050 κατεμέμφετο
1057 2967 1118 3030 τὸν

100 3071 280 3156 Βάλαμον,
321 3071 365 3146 ὡς
401 3071 519 3143 άδικον
554 3069 607 3136 έπὶ
637 3082 708 3147 ταῖς
739 3074 901 3157 πρότερον
933 3072 1119 3146 διακονίαις

102 3173 208 3262 μηδὲν
239 3179 357 3263 ἔχοντα
390 3175 541 3260 ἐγκαλεῖν
578 3177 660 3260 αὐτῇ
694 3176 821 3259 πληγάς
853 3172 1040 3261 ἐπιφέρειν,
1072 3175 1117 3258 μη

102 3281 258 3350 συνιέντα
294 3283 345 3350 ὅτι
381 3293 445 3349 νῦν
481 3284 562 3348 κατά
593 3288 678 3347 θεοῦ
709 3285 904 3367 προαίρεσιν
936 3273 987 3358 οἷς
1017 3280 1119 3358 αὐτὸς

97 3391 262 3457 έσπευσεν
284 3390 459 3477 ὑπηρετεῖν
487 3396 637 3474 εἴργεται.
683 3388 793 3472 <110>
816 3386 1058 3474 ταραττομένου
1082 3384 1113 3453 δ’
1132 3407 1160 3446 οο

155 3520 174 3583 §
195 3521 248 3573 105
264 3543 302 3566 ==
316 3515 403 3574 Num.
423 3511 504 3571 XXII
522 3517 548 3568 8.
