<?xml version="1.0" encoding="UTF-8"?>
<!DOCTYPE html PUBLIC "-//W3C//DTD XHTML 1.0 Transitional//EN"
    "http://www.w3.org/TR/xhtml1/DTD/xhtml1-transitional.dtd">
<html xmlns="http://www.w3.org/1999/xhtml" xml:lang="en" lang="en">
 <head>
  <title>
</title>
<meta http-equiv="Content-Type" content="text/html;charset=utf-8" />
  <meta name='ocr-system' content='tesseract 3.04.00' />
  <meta name='ocr-capabilities' content='ocr_page ocr_carea ocr_par ocr_line ocrx_word'/>
</head>
<body>
  <div class='ocr_page' id='page_1' title='image "./operaomniaposti01nabegoog_0125.png"; bbox 0 0 2460 3848; ppageno 0'>
   <div class='ocr_carea' id='block_1_1' title="bbox 537 110 1128 175">
    <p class='ocr_par' dir='ltr' id='par_1_1' title="bbox 537 110 1128 175">
     <span class='ocr_line' id='line_1_1' title="bbox 537 110 1128 175; baseline 0.003 -14"><span class='ocrx_word' id='word_1_1' title='bbox 537 111 703 162; x_wconf 74' lang='lat' dir='ltr'><strong><em>AE‘H&#39;EPA</em></strong></span> <span class='ocrx_word' id='word_1_2' title='bbox 1087 110 1128 175; x_wconf 77' lang='grc'><strong><em>79</em></strong></span> 
     </span>
    </p>
   </div>
   <div class='ocr_carea' id='block_1_2' title="bbox 57 269 1203 3527">
    <p class='ocr_par' dir='ltr' id='par_1_2' title="bbox 57 269 1203 3527">
     <span class='ocr_line' id='line_1_2' title="bbox 112 269 1130 362; baseline -0.001 -26"><span class='ocrx_word' id='word_1_3' title='bbox 112 274 196 358; x_wconf 87' lang='grc' dir='ltr'><strong><em>πρὸς</em></strong></span> <span class='ocrx_word' id='word_1_4' title='bbox 222 273 282 337; x_wconf 91' lang='grc' dir='ltr'><strong><em>τὸν</em></strong></span> <span class='ocrx_word' id='word_1_5' title='bbox 309 275 433 358; x_wconf 81' lang='grc' dir='ltr'><strong><em>τρόπον</em></strong></span> <span class='ocrx_word' id='word_1_6' title='bbox 448 270 638 362; x_wconf 76' lang='grc' dir='ltr'><strong><em>Ιἀφορώσης</em></strong></span> <span class='ocrx_word' id='word_1_7' title='bbox 665 274 724 336; x_wconf 91' lang='grc' dir='ltr'><strong><em>τὸν</em></strong></span> <span class='ocrx_word' id='word_1_8' title='bbox 751 269 807 336; x_wconf 82' lang='grc' dir='ltr'><strong><em>καὶ</em></strong></span> <span class='ocrx_word' id='word_1_9' title='bbox 835 273 923 357; x_wconf 81' lang='grc' dir='ltr'><strong><em>παρὰ</em></strong></span> <span class='ocrx_word' id='word_1_10' title='bbox 950 273 1011 356; x_wconf 80' lang='grc' dir='ltr'><strong><em>την</em></strong></span> <span class='ocrx_word' id='word_1_11' title='bbox 1035 295 1130 356; x_wconf 88' lang='grc' dir='ltr'><strong><em>μετα-</em></strong></span> 
     </span>
     <span class='ocr_line' id='line_1_3' title="bbox 113 375 1130 466; baseline -0.002 -23"><span class='ocrx_word' id='word_1_12' title='bbox 113 379 219 462; x_wconf 77' lang='grc' dir='ltr'><strong><em>βολὴν</em></strong></span> <span class='ocrx_word' id='word_1_13' title='bbox 237 376 481 464; x_wconf 77' lang='grc' dir='ltr'><strong><em>παραμένοντα,</em></strong></span> <span class='ocrx_word' id='word_1_14' title='bbox 504 381 565 462; x_wconf 84' lang='grc' dir='ltr'><strong><em>τήν</em></strong></span> <span class='ocrx_word' id='word_1_15' title='bbox 583 375 611 442; x_wconf 85' lang='grc' dir='ltr'><strong><em>τ’</em></strong></span> <span class='ocrx_word' id='word_1_16' title='bbox 634 377 816 462; x_wconf 76' lang='grc' dir='ltr'><strong><em>ἐπιθυμίαν</em></strong></span> <span class='ocrx_word' id='word_1_17' title='bbox 834 379 924 466; x_wconf 75' lang='grc' dir='ltr'><strong><em>αὐτῷ</em></strong></span> <span class='ocrx_word' id='word_1_18' title='bbox 948 378 1130 461; x_wconf 78' lang='grc' dir='ltr'><strong><em>ποιησάσης</em></strong></span> 
     </span>
     <span class='ocr_line' id='line_1_4' title="bbox 112 481 1129 570; baseline -0.001 -23"><span class='ocrx_word' id='word_1_19' title='bbox 112 492 284 568; x_wconf 79' lang='grc' dir='ltr'><strong><em>καταφανῆ</em></strong></span> <span class='ocrx_word' id='word_1_20' title='bbox 307 482 363 549; x_wconf 84' lang='grc' dir='ltr'><strong><em>καὶ</em></strong></span> <span class='ocrx_word' id='word_1_21' title='bbox 382 486 503 565; x_wconf 77' lang='grc' dir='ltr'><strong><em>λόγους</em></strong></span> <span class='ocrx_word' id='word_1_22' title='bbox 523 486 776 569; x_wconf 78' lang='grc' dir='ltr'><strong><em>προσφερούσης</em></strong></span> <span class='ocrx_word' id='word_1_23' title='bbox 797 481 873 570; x_wconf 82' lang='grc' dir='ltr'><strong><em>περὶ</em></strong></span> <span class='ocrx_word' id='word_1_24' title='bbox 896 481 1025 567; x_wconf 78' lang='grc' dir='ltr'><em>μίξεως,</em></span> <span class='ocrx_word' id='word_1_25' title='bbox 1048 504 1129 569; x_wconf 91' lang='grc' dir='ltr'><strong><em>παρ-</em></strong></span> 
     </span>
     <span class='ocr_line' id='line_1_5' title="bbox 112 578 1128 675; baseline 0 -22"><span class='ocrx_word' id='word_1_26' title='bbox 112 587 233 672; x_wconf 87' lang='grc' dir='ltr'><strong><em>έπεμπε</em></strong></span> <span class='ocrx_word' id='word_1_27' title='bbox 260 578 332 672; x_wconf 80' lang='grc' dir='ltr'><strong><em>τὴν</em></strong></span> <span class='ocrx_word' id='word_1_28' title='bbox 349 587 505 671; x_wconf 82' lang='grc' dir='ltr'><strong><em>ἀξίωσιν,</em></strong></span> <span class='ocrx_word' id='word_1_29' title='bbox 535 588 576 652; x_wconf 90' lang='grc' dir='ltr'><strong><em>ού</em></strong></span> <span class='ocrx_word' id='word_1_30' title='bbox 602 593 718 675; x_wconf 78' lang='grc' dir='ltr'><strong><em>κρίνας</em></strong></span> <span class='ocrx_word' id='word_1_31' title='bbox 745 589 840 655; x_wconf 82' lang='grc' dir='ltr'><strong><em>ὅσιον</em></strong></span> <span class='ocrx_word' id='word_1_32' title='bbox 862 585 949 654; x_wconf 80' lang='grc' dir='ltr'><strong><em>εἶναι</em></strong></span> <span class='ocrx_word' id='word_1_33' title='bbox 971 590 1128 672; x_wconf 85' lang='grc' dir='ltr'><strong><em>τοιαύτην</em></strong></span> 
     </span>
     <span class='ocr_line' id='line_1_6' title="bbox 85 687 1128 781; baseline 0.004 -27"><span class='ocrx_word' id='word_1_34' title='bbox 85 694 195 779; x_wconf 76' lang='grc' dir='ltr'><strong><em>ταύτῇ</em></strong></span> <span class='ocrx_word' id='word_1_35' title='bbox 219 697 339 760; x_wconf 86' lang='grc' dir='ltr'><strong><em>δοῦναι</em></strong></span> <span class='ocrx_word' id='word_1_36' title='bbox 366 694 464 779; x_wconf 81' lang='grc' dir='ltr'><strong><em>χάριν</em></strong></span> <span class='ocrx_word' id='word_1_37' title='bbox 493 692 529 757; x_wconf 86' lang='grc' dir='ltr'><strong><em>ἐν</em></strong></span> <span class='ocrx_word' id='word_1_38' title='bbox 552 687 574 778; x_wconf 74' lang='grc' dir='ltr'><strong><em>ᾗ</em></strong></span> <span class='ocrx_word' id='word_1_39' title='bbox 595 703 656 759; x_wconf 91' lang='grc' dir='ltr'><strong><em>τού</em></strong></span> <span class='ocrx_word' id='word_1_40' title='bbox 675 694 862 781; x_wconf 82' lang='grc' dir='ltr'><strong><em>πριαμένου</em></strong></span> <span class='ocrx_word' id='word_1_41' title='bbox 889 693 944 760; x_wconf 80' lang='grc' dir='ltr'><strong><em>καὶ</em></strong></span> <span class='ocrx_word' id='word_1_42' title='bbox 967 695 1128 777; x_wconf 81' lang='grc' dir='ltr'><strong><em>τοσαύτης</em></strong></span> 
     </span>
     <span class='ocr_line' id='line_1_7' title="bbox 110 797 1127 886; baseline 0.001 -22"><span class='ocrx_word' id='word_1_43' title='bbox 110 799 288 883; x_wconf 78' lang='grc' dir='ltr'><strong><em>ἠξιωκότος</em></strong></span> <span class='ocrx_word' id='word_1_44' title='bbox 317 807 411 884; x_wconf 77' lang='grc' dir='ltr'><strong><em>τιμῆς</em></strong></span> <span class='ocrx_word' id='word_1_45' title='bbox 440 798 573 864; x_wconf 78' lang='grc' dir='ltr'><strong><em>ἀδικίαν</em></strong></span> <span class='ocrx_word' id='word_1_46' title='bbox 601 799 798 884; x_wconf 82' lang='grc' dir='ltr'><strong><em>συνέβαινεν</em></strong></span> <span class='ocrx_word' id='word_1_47' title='bbox 825 797 911 867; x_wconf 81' lang='grc' dir='ltr'><strong><em>εἶναι</em></strong></span> <span class='ocrx_word' id='word_1_48' title='bbox 938 799 993 866; x_wconf 84' lang='grc' dir='ltr'><strong><em>καλ</em></strong></span> <span class='ocrx_word' id='word_1_49' title='bbox 1015 801 1127 886; x_wconf 81' lang='grc' dir='ltr'><strong><em>ὕβριν,</em></strong></span> 
     </span>
     <span class='ocr_line' id='line_1_8' title="bbox 110 905 1126 994; baseline -0.001 -23"><span class='ocrx_word' id='word_1_50' title='bbox 110 905 194 971; x_wconf 90' lang='grc' dir='ltr'><strong><em>ἀλλά</em></strong></span> <span class='ocrx_word' id='word_1_51' title='bbox 217 918 350 992; x_wconf 77' lang='grc' dir='ltr'><strong><em>κρατεῖν</em></strong></span> <span class='ocrx_word' id='word_1_52' title='bbox 373 929 407 970; x_wconf 88' lang='grc' dir='ltr'><strong><em>τε</em></strong></span> <span class='ocrx_word' id='word_1_53' title='bbox 429 915 490 972; x_wconf 84' lang='grc' dir='ltr'><strong><em>τοῦ</em></strong></span> <span class='ocrx_word' id='word_1_54' title='bbox 512 906 645 981; x_wconf 90' lang='grc' dir='ltr'><strong><em>πάθους</em></strong></span> <span class='ocrx_word' id='word_1_55' title='bbox 667 905 823 990; x_wconf 89' lang='grc' dir='ltr'><strong><em>κάκείνην</em></strong></span> <span class='ocrx_word' id='word_1_56' title='bbox 845 908 1038 994; x_wconf 78' lang='grc' dir='ltr'><strong><em>παρεκάλει,</em></strong></span> <span class='ocrx_word' id='word_1_57' title='bbox 1065 908 1126 990; x_wconf 79' lang='grc' dir='ltr'><strong><em>τὴν</em></strong></span> 
     </span>
     <span class='ocr_line' id='line_1_9' title="bbox 109 1010 1126 1098; baseline 0 -22"><span class='ocrx_word' id='word_1_58' title='bbox 109 1011 301 1095; x_wconf 78' lang='grc' dir='ltr'><strong><em>ἀπόγνωσιν</em></strong></span> <span class='ocrx_word' id='word_1_59' title='bbox 328 1021 388 1077; x_wconf 85' lang='grc' dir='ltr'><strong><em>τοῦ</em></strong></span> <span class='ocrx_word' id='word_1_60' title='bbox 414 1011 589 1090; x_wconf 83' lang='grc' dir='ltr'><strong><em>τεύξεσθαι</em></strong></span> <span class='ocrx_word' id='word_1_61' title='bbox 616 1020 673 1096; x_wconf 79' lang='grc' dir='ltr'><strong><em>τῆς</em></strong></span> <span class='ocrx_word' id='word_1_62' title='bbox 702 1010 879 1096; x_wconf 91' lang='grc' dir='ltr'><strong><em>ἐπιθυμίας</em></strong></span> <span class='ocrx_word' id='word_1_63' title='bbox 901 1016 1126 1098; x_wconf 84' lang='grc' dir='ltr'><strong><em>προβαλλόμε-</em></strong></span> 
     </span>
     <span class='ocr_line' id='line_1_10' title="bbox 108 1117 1126 1204; baseline 0.001 -23"><span class='ocrx_word' id='word_1_64' title='bbox 108 1136 181 1193; x_wconf 88' lang='grc' dir='ltr'><strong><em>νος·</em></strong></span> <span class='ocrx_word' id='word_1_65' title='bbox 205 1117 292 1200; x_wconf 87' lang='grc'>&lt;43&gt;</span> <span class='ocrx_word' id='word_1_66' title='bbox 311 1121 533 1202; x_wconf 75' lang='grc' dir='ltr'><strong><em>σταλήσεσθαι</em></strong></span> <span class='ocrx_word' id='word_1_67' title='bbox 552 1120 614 1204; x_wconf 93' lang='grc' dir='ltr'><strong><em>γάρ</em></strong></span> <span class='ocrx_word' id='word_1_68' title='bbox 636 1120 696 1199; x_wconf 87' lang='grc' dir='ltr'><strong><em>[τε]</em></strong></span> <span class='ocrx_word' id='word_1_69' title='bbox 717 1118 798 1203; x_wconf 73' lang='grc' dir='ltr'><strong><em>αὐτῇ</em></strong></span> <span class='ocrx_word' id='word_1_70' title='bbox 817 1127 914 1184; x_wconf 86' lang='grc' dir='ltr'><strong><em>τοῦτο</em></strong></span> <span class='ocrx_word' id='word_1_71' title='bbox 934 1119 978 1202; x_wconf 77' lang='grc' dir='ltr'><strong><em>μὴ</em></strong></span> <span class='ocrx_word' id='word_1_72' title='bbox 1002 1119 1126 1202; x_wconf 91' lang='grc' dir='ltr'><strong><em>παρού-</em></strong></span> 
     </span>
     <span class='ocr_line' id='line_1_11' title="bbox 65 1222 1125 1308; baseline 0.005 -25"><span class='ocrx_word' id='word_1_73' title='bbox 65 1243 94 1283; x_wconf 82' lang='grc' dir='ltr'><strong><em>ιο</em></strong></span> <span class='ocrx_word' id='word_1_74' title='bbox 110 1238 171 1306; x_wconf 89' lang='grc' dir='ltr'><strong><em>σης</em></strong></span> <span class='ocrx_word' id='word_1_75' title='bbox 190 1222 334 1299; x_wconf 75' lang='grc' dir='ltr'><strong><em>ἐλπίδος·</em></strong></span> <span class='ocrx_word' id='word_1_76' title='bbox 358 1224 458 1300; x_wconf 91' lang='grc' dir='ltr'><strong><em>αύτός</em></strong></span> <span class='ocrx_word' id='word_1_77' title='bbox 475 1247 510 1288; x_wconf 92' lang='grc' dir='ltr'><strong><em>τε</em></strong></span> <span class='ocrx_word' id='word_1_78' title='bbox 528 1224 635 1288; x_wconf 90' lang='grc' dir='ltr'><strong><em>πάντα</em></strong></span> <span class='ocrx_word' id='word_1_79' title='bbox 659 1227 786 1306; x_wconf 84' lang='grc' dir='ltr'><strong><em>μᾶλλον</em></strong></span> <span class='ocrx_word' id='word_1_80' title='bbox 809 1223 988 1308; x_wconf 82' lang='grc' dir='ltr'><strong><em>ὑπομενεῖν</em></strong></span> <span class='ocrx_word' id='word_1_81' title='bbox 1012 1225 1125 1306; x_wconf 88' lang='grc' dir='ltr'><strong><em>έλεγεν</em></strong></span> 
     </span>
     <span class='ocr_line' id='line_1_12' title="bbox 107 1327 1124 1416; baseline 0.003 -24"><span class='ocrx_word' id='word_1_82' title='bbox 107 1327 129 1411; x_wconf 73' lang='grc' dir='ltr'><em>ἢ</em></span> <span class='ocrx_word' id='word_1_83' title='bbox 161 1330 244 1415; x_wconf 89' lang='grc' dir='ltr'><strong><em>πρὸς</em></strong></span> <span class='ocrx_word' id='word_1_84' title='bbox 270 1338 367 1395; x_wconf 87' lang='grc' dir='ltr'><strong><em>τοῦτο</em></strong></span> <span class='ocrx_word' id='word_1_85' title='bbox 394 1333 735 1414; x_wconf 79' lang='grc' dir='ltr'><strong><em>καταπεισθησεσθαι·</em></strong></span> <span class='ocrx_word' id='word_1_86' title='bbox 763 1327 819 1394; x_wconf 83' lang='grc' dir='ltr'><strong><em>καὶ</em></strong></span> <span class='ocrx_word' id='word_1_87' title='bbox 851 1331 914 1416; x_wconf 83' lang='grc' dir='ltr'><strong><em>γὰρ</em></strong></span> <span class='ocrx_word' id='word_1_88' title='bbox 942 1332 973 1394; x_wconf 86' lang='grc' dir='ltr'><strong><em>εί</em></strong></span> <span class='ocrx_word' id='word_1_89' title='bbox 999 1338 1038 1414; x_wconf 74' lang='grc' dir='ltr'><strong><em>τῇ</em></strong></span> <span class='ocrx_word' id='word_1_90' title='bbox 1071 1332 1124 1395; x_wconf 87' lang='grc' dir='ltr'><strong><em>δε-</em></strong></span> 
     </span>
     <span class='ocr_line' id='line_1_13' title="bbox 108 1432 1124 1522; baseline 0.004 -24"><span class='ocrx_word' id='word_1_91' title='bbox 108 1439 229 1522; x_wconf 89' lang='grc' dir='ltr'><strong><em>σποίνη</em></strong></span> <span class='ocrx_word' id='word_1_92' title='bbox 249 1438 373 1502; x_wconf 86' lang='grc' dir='ltr'><strong><em>δοῦλον</em></strong></span> <span class='ocrx_word' id='word_1_93' title='bbox 392 1439 472 1501; x_wconf 85' lang='grc' dir='ltr'><strong><em>όντα</em></strong></span> <span class='ocrx_word' id='word_1_94' title='bbox 491 1438 545 1500; x_wconf 82' lang='grc' dir='ltr'><strong><em>δεῖ</em></strong></span> <span class='ocrx_word' id='word_1_95' title='bbox 565 1447 675 1501; x_wconf 82' lang='grc' dir='ltr'><strong><em>ποιεῖν</em></strong></span> <span class='ocrx_word' id='word_1_96' title='bbox 695 1432 799 1519; x_wconf 75' lang='grc' dir='ltr'><strong><em>μηδὲν</em></strong></span> <span class='ocrx_word' id='word_1_97' title='bbox 819 1434 984 1518; x_wconf 84' lang='grc' dir='ltr'><strong><em>ἐναντίον,</em></strong></span> <span class='ocrx_word' id='word_1_98' title='bbox 1006 1437 1026 1520; x_wconf 80' lang='grc' dir='ltr'><strong><em>η</em></strong></span> <span class='ocrx_word' id='word_1_99' title='bbox 1042 1439 1124 1522; x_wconf 89' lang='grc' dir='ltr'><strong><em>πρὸς</em></strong></span> 
     </span>
     <span class='ocr_line' id='line_1_14' title="bbox 107 1540 1123 1627; baseline 0.002 -23"><span class='ocrx_word' id='word_1_100' title='bbox 107 1540 147 1604; x_wconf 89' lang='grc' dir='ltr'><strong><em>τά</em></strong></span> <span class='ocrx_word' id='word_1_101' title='bbox 174 1551 309 1606; x_wconf 88' lang='grc' dir='ltr'><strong><em>τοιαῦτα</em></strong></span> <span class='ocrx_word' id='word_1_102' title='bbox 341 1553 407 1606; x_wconf 83' lang='grc' dir='ltr'><strong><em>τῶν</em></strong></span> <span class='ocrx_word' id='word_1_103' title='bbox 437 1541 699 1627; x_wconf 83' lang='grc' dir='ltr'><strong><em>προσταγμάτων</em></strong></span> <span class='ocrx_word' id='word_1_104' title='bbox 728 1540 898 1622; x_wconf 82' lang='grc' dir='ltr'><strong><em>ἀντιλογία</em></strong></span> <span class='ocrx_word' id='word_1_105' title='bbox 925 1541 1053 1622; x_wconf 79' lang='grc' dir='ltr'><strong><em>πολλὴν</em></strong></span> <span class='ocrx_word' id='word_1_106' title='bbox 1082 1540 1123 1606; x_wconf 86' lang='grc' dir='ltr'><strong><em>ἀν</em></strong></span> 
     </span>
     <span class='ocr_line' id='line_1_15' title="bbox 107 1643 1123 1735; baseline 0 -25"><span class='ocrx_word' id='word_1_107' title='bbox 107 1648 177 1731; x_wconf 79' lang='grc' dir='ltr'><strong><em>ἔχοι</em></strong></span> <span class='ocrx_word' id='word_1_108' title='bbox 194 1653 401 1735; x_wconf 86' lang='grc' dir='ltr'><strong><em>παραίτησιν.</em></strong></span> <span class='ocrx_word' id='word_1_109' title='bbox 449 1647 536 1728; x_wconf 89' lang='grc'>&lt;44&gt;</span> <span class='ocrx_word' id='word_1_110' title='bbox 554 1656 611 1730; x_wconf 81' lang='grc' dir='ltr'><strong><em>τῆς</em></strong></span> <span class='ocrx_word' id='word_1_111' title='bbox 631 1644 661 1711; x_wconf 84' lang='grc' dir='ltr'><strong><em>δ’</em></strong></span> <span class='ocrx_word' id='word_1_112' title='bbox 687 1648 734 1710; x_wconf 81' lang='grc' dir='ltr'><strong><em>ἔτι</em></strong></span> <span class='ocrx_word' id='word_1_113' title='bbox 753 1649 880 1729; x_wconf 89' lang='grc' dir='ltr'><strong><em>μᾶλλον</em></strong></span> <span class='ocrx_word' id='word_1_114' title='bbox 900 1643 1041 1710; x_wconf 85' lang='grc' dir='ltr'><strong><em>ἐπέτεινε</em></strong></span> <span class='ocrx_word' id='word_1_115' title='bbox 1064 1648 1123 1710; x_wconf 91' lang='grc' dir='ltr'><strong><em>τὸν</em></strong></span> 
     </span>
     <span class='ocr_line' id='line_1_16' title="bbox 67 1749 1122 1838; baseline 0 -22"><span class='ocrx_word' id='word_1_116' title='bbox 67 1769 96 1810; x_wconf 78' lang='lat'><strong><em>15</em></strong></span> <span class='ocrx_word' id='word_1_117' title='bbox 110 1754 216 1838; x_wconf 80' lang='grc' dir='ltr'><strong><em>ἔρωτα</em></strong></span> <span class='ocrx_word' id='word_1_118' title='bbox 238 1757 275 1820; x_wconf 92' lang='grc' dir='ltr'><strong><em>τὸ</em></strong></span> <span class='ocrx_word' id='word_1_119' title='bbox 299 1754 343 1838; x_wconf 80' lang='grc' dir='ltr'><strong><em>μὴ</em></strong></span> <span class='ocrx_word' id='word_1_120' title='bbox 367 1753 586 1838; x_wconf 76' lang='grc' dir='ltr'><strong><em>προσδοκώσῃ</em></strong></span> <span class='ocrx_word' id='word_1_121' title='bbox 604 1754 663 1817; x_wconf 92' lang='grc' dir='ltr'><strong><em>τὸν</em></strong></span> <span class='ocrx_word' id='word_1_122' title='bbox 683 1749 845 1836; x_wconf 82' lang='grc' dir='ltr'><strong><em>Ἰώσηπον</em></strong></span> <span class='ocrx_word' id='word_1_123' title='bbox 868 1749 1046 1836; x_wconf 80' lang='grc' dir='ltr'><strong><em>ἀντίσχειν,</em></strong></span> <span class='ocrx_word' id='word_1_124' title='bbox 1068 1750 1122 1817; x_wconf 80' lang='grc' dir='ltr'><strong><em>καὶ</em></strong></span> 
     </span>
     <span class='ocr_line' id='line_1_17' title="bbox 106 1856 1122 1945; baseline 0 -23"><span class='ocrx_word' id='word_1_125' title='bbox 106 1860 223 1936; x_wconf 83' lang='grc' dir='ltr'><strong><em>δεινῶς</em></strong></span> <span class='ocrx_word' id='word_1_126' title='bbox 250 1860 315 1925; x_wconf 90' lang='grc' dir='ltr'><strong><em>ὑπὸ</em></strong></span> <span class='ocrx_word' id='word_1_127' title='bbox 344 1868 405 1924; x_wconf 89' lang='grc' dir='ltr'><strong><em>τοῦ</em></strong></span> <span class='ocrx_word' id='word_1_128' title='bbox 435 1868 539 1923; x_wconf 88' lang='grc' dir='ltr'><strong><em>κακοῦ</em></strong></span> <span class='ocrx_word' id='word_1_129' title='bbox 569 1856 832 1944; x_wconf 84' lang='grc' dir='ltr'><strong><em>πολιορκουμένη</em></strong></span> <span class='ocrx_word' id='word_1_130' title='bbox 862 1858 1000 1945; x_wconf 78' lang='grc' dir='ltr'><strong><em>δευτέρᾳ</em></strong></span> <span class='ocrx_word' id='word_1_131' title='bbox 1021 1858 1122 1923; x_wconf 89' lang='grc' dir='ltr'><strong><em>πάλιν</em></strong></span> 
     </span>
     <span class='ocr_line' id='line_1_18' title="bbox 104 1964 751 2052; baseline 0 -24"><span class='ocrx_word' id='word_1_132' title='bbox 104 1969 202 2052; x_wconf 81' lang='grc' dir='ltr'><strong><em>πείρηι</em></strong></span> <span class='ocrx_word' id='word_1_133' title='bbox 224 1966 452 2052; x_wconf 80' lang='grc' dir='ltr'><strong><em>προύθυμεϊτο</em></strong></span> <span class='ocrx_word' id='word_1_134' title='bbox 475 1964 751 2049; x_wconf 90' lang='grc' dir='ltr'><strong><em>κατεργάσασθαι.</em></strong></span> 
     </span>
     <span class='ocr_line' id='line_1_19' title="bbox 168 2065 1154 2155; baseline -0.004 -15"><span class='ocrx_word' id='word_1_135' title='bbox 168 2071 260 2153; x_wconf 75' lang='grc'>,&lt;45&gt;</span> <span class='ocrx_word' id='word_1_136' title='bbox 284 2073 486 2154; x_wconf 88' lang='grc' dir='ltr'><strong><em>δημοτελοῦς</em></strong></span> <span class='ocrx_word' id='word_1_137' title='bbox 504 2065 567 2135; x_wconf 84' lang='grc' dir='ltr'><strong><em>οὖν</em></strong></span> <span class='ocrx_word' id='word_1_138' title='bbox 587 2068 699 2155; x_wconf 80' lang='grc' dir='ltr'><strong><em>ἑορτῆς</em></strong></span> <span class='ocrx_word' id='word_1_139' title='bbox 718 2069 886 2154; x_wconf 80' lang='grc' dir='ltr'><strong><em>ἐνστάσης,</em></strong></span> <span class='ocrx_word' id='word_1_140' title='bbox 908 2069 986 2136; x_wconf 86' lang='grc' dir='ltr'><strong><em>καθ’</em></strong></span> <span class='ocrx_word' id='word_1_141' title='bbox 1012 2072 1055 2154; x_wconf 79' lang='grc' dir='ltr'><strong><em>ἣν</em></strong></span> <span class='ocrx_word' id='word_1_142' title='bbox 1074 2075 1120 2149; x_wconf 86' lang='grc' dir='ltr'><strong><em>είς</em></strong></span> <span class='ocrx_word' id='word_1_143' title='bbox 1139 2098 1154 2146; x_wconf 83' lang='lat'><strong>3</strong></span> 
     </span>
     <span class='ocr_line' id='line_1_20' title="bbox 104 2172 1120 2263; baseline 0.005 -24"><span class='ocrx_word' id='word_1_144' title='bbox 104 2176 166 2259; x_wconf 78' lang='grc' dir='ltr'><strong><em>τὴν</em></strong></span> <span class='ocrx_word' id='word_1_145' title='bbox 190 2177 378 2259; x_wconf 78' lang='grc' dir='ltr'><strong><em>πανήγυριν</em></strong></span> <span class='ocrx_word' id='word_1_146' title='bbox 401 2173 456 2238; x_wconf 78' lang='grc' dir='ltr'><strong><em>καί</em></strong></span> <span class='ocrx_word' id='word_1_147' title='bbox 488 2172 619 2257; x_wconf 78' lang='grc' dir='ltr'><strong><em>γυναιξὶ</em></strong></span> <span class='ocrx_word' id='word_1_148' title='bbox 642 2185 762 2259; x_wconf 80' lang='grc' dir='ltr'><strong><em>φοιτᾶν</em></strong></span> <span class='ocrx_word' id='word_1_149' title='bbox 784 2180 928 2261; x_wconf 91' lang='grc' dir='ltr'><strong><em>νόμιμον</em></strong></span> <span class='ocrx_word' id='word_1_150' title='bbox 950 2173 1013 2262; x_wconf 79' lang='grc' dir='ltr'><strong><em>ἦν,</em></strong></span> <span class='ocrx_word' id='word_1_151' title='bbox 1043 2182 1120 2263; x_wconf 84' lang='grc' dir='ltr'><strong><em>σκή-</em></strong></span> 
     </span>
     <span class='ocr_line' id='line_1_21' title="bbox 61 2281 1120 2367; baseline 0.006 -26"><span class='ocrx_word' id='word_1_152' title='bbox 61 2300 90 2340; x_wconf 81' lang='grc' dir='ltr'><strong><em>εο</em></strong></span> <span class='ocrx_word' id='word_1_153' title='bbox 103 2299 218 2343; x_wconf 86' lang='grc' dir='ltr'><strong><em>πτεται</em></strong></span> <span class='ocrx_word' id='word_1_154' title='bbox 240 2282 343 2345; x_wconf 91' lang='grc' dir='ltr'><strong><em>νόσον</em></strong></span> <span class='ocrx_word' id='word_1_155' title='bbox 366 2282 449 2365; x_wconf 87' lang='grc' dir='ltr'><strong><em>πρὸς</em></strong></span> <span class='ocrx_word' id='word_1_156' title='bbox 470 2282 529 2346; x_wconf 91' lang='grc' dir='ltr'><strong><em>τὸν</em></strong></span> <span class='ocrx_word' id='word_1_157' title='bbox 552 2282 669 2367; x_wconf 84' lang='grc' dir='ltr'><strong><em>ἀνδρα,</em></strong></span> <span class='ocrx_word' id='word_1_158' title='bbox 692 2281 870 2367; x_wconf 79' lang='grc' dir='ltr'><strong><em>θηρωμένη</em></strong></span> <span class='ocrx_word' id='word_1_159' title='bbox 895 2288 1043 2367; x_wconf 90' lang='grc' dir='ltr'><strong><em>μόνωσιν</em></strong></span> <span class='ocrx_word' id='word_1_160' title='bbox 1065 2282 1120 2349; x_wconf 78' lang='grc' dir='ltr'><strong><em>καὶ</em></strong></span> 
     </span>
     <span class='ocr_line' id='line_1_22' title="bbox 103 2384 1120 2474; baseline 0.005 -24"><span class='ocrx_word' id='word_1_161' title='bbox 103 2387 228 2471; x_wconf 76' lang='grc' dir='ltr'><strong><em>σχολὴν</em></strong></span> <span class='ocrx_word' id='word_1_162' title='bbox 251 2387 298 2462; x_wconf 88' lang='grc' dir='ltr'><strong><em>είς</em></strong></span> <span class='ocrx_word' id='word_1_163' title='bbox 320 2389 357 2452; x_wconf 90' lang='grc' dir='ltr'><strong><em>τὸ</em></strong></span> <span class='ocrx_word' id='word_1_164' title='bbox 381 2389 544 2471; x_wconf 82' lang='grc' dir='ltr'><strong><em>δεηθῆναι</em></strong></span> <span class='ocrx_word' id='word_1_165' title='bbox 566 2397 626 2453; x_wconf 87' lang='grc' dir='ltr'><strong><em>τοῦ</em></strong></span> <span class='ocrx_word' id='word_1_166' title='bbox 646 2384 816 2472; x_wconf 84' lang='grc' dir='ltr'><strong><em>Ἰωσήπου.</em></strong></span> <span class='ocrx_word' id='word_1_167' title='bbox 862 2389 917 2454; x_wconf 82' lang='grc' dir='ltr'><strong><em>καὶ</em></strong></span> <span class='ocrx_word' id='word_1_168' title='bbox 940 2389 1120 2474; x_wconf 81' lang='grc' dir='ltr'><strong><em>γενομένης</em></strong></span> 
     </span>
     <span class='ocr_line' id='line_1_23' title="bbox 101 2492 1119 2584; baseline 0.004 -27"><span class='ocrx_word' id='word_1_169' title='bbox 101 2492 184 2577; x_wconf 72' lang='grc' dir='ltr'><strong><em>αὐτῇ</em></strong></span> <span class='ocrx_word' id='word_1_170' title='bbox 203 2493 323 2576; x_wconf 87' lang='grc' dir='ltr'><strong><em>ταύτης</em></strong></span> <span class='ocrx_word' id='word_1_171' title='bbox 341 2492 596 2580; x_wconf 86' lang='grc' dir='ltr'><strong><em>λιπαρεστέρους</em></strong></span> <span class='ocrx_word' id='word_1_172' title='bbox 614 2496 661 2559; x_wconf 81' lang='grc' dir='ltr'><strong><em>ἔτι</em></strong></span> <span class='ocrx_word' id='word_1_173' title='bbox 674 2506 742 2560; x_wconf 84' lang='grc' dir='ltr'><strong><em>τῶν</em></strong></span> <span class='ocrx_word' id='word_1_174' title='bbox 755 2497 896 2582; x_wconf 84' lang='grc' dir='ltr'><strong><em>πρώτων</em></strong></span> <span class='ocrx_word' id='word_1_175' title='bbox 915 2496 1002 2584; x_wconf 71' lang='grc' dir='ltr'><strong><em>αὐτῷ</em></strong></span> <span class='ocrx_word' id='word_1_176' title='bbox 1018 2514 1119 2582; x_wconf 90' lang='grc' dir='ltr'><strong><em>προσ-</em></strong></span> 
     </span>
     <span class='ocr_line' id='line_1_24' title="bbox 100 2597 1116 2688; baseline 0.004 -25"><span class='ocrx_word' id='word_1_177' title='bbox 100 2597 261 2683; x_wconf 87' lang='grc' dir='ltr'><strong><em>ηνέγκατο</em></strong></span> <span class='ocrx_word' id='word_1_178' title='bbox 293 2604 435 2685; x_wconf 84' lang='grc' dir='ltr'><strong><em>λόγους,</em></strong></span> <span class='ocrx_word' id='word_1_179' title='bbox 475 2600 563 2684; x_wconf 84' lang='grc'>&lt;46&gt;</span> <span class='ocrx_word' id='word_1_180' title='bbox 597 2600 640 2677; x_wconf 82' lang='grc' dir='ltr'><strong><em>ὡς</em></strong></span> <span class='ocrx_word' id='word_1_181' title='bbox 671 2607 779 2678; x_wconf 87' lang='grc' dir='ltr'><strong><em>καλῶς</em></strong></span> <span class='ocrx_word' id='word_1_182' title='bbox 811 2599 871 2685; x_wconf 75' lang='grc' dir='ltr'><strong><em>μὲν</em></strong></span> <span class='ocrx_word' id='word_1_183' title='bbox 904 2598 991 2688; x_wconf 81' lang='grc' dir='ltr'><strong><em>εἶχεν</em></strong></span> <span class='ocrx_word' id='word_1_184' title='bbox 1028 2603 1116 2688; x_wconf 76' lang='grc' dir='ltr'><strong><em>αὐτῷ</em></strong></span> 
     </span>
     <span class='ocr_line' id='line_1_25' title="bbox 101 2703 1117 2793; baseline 0.001 -23"><span class='ocrx_word' id='word_1_185' title='bbox 101 2707 182 2788; x_wconf 89' lang='grc' dir='ltr'><strong><em>μετά</em></strong></span> <span class='ocrx_word' id='word_1_186' title='bbox 201 2709 262 2791; x_wconf 85' lang='grc' dir='ltr'><strong><em>την</em></strong></span> <span class='ocrx_word' id='word_1_187' title='bbox 281 2705 314 2784; x_wconf 84' lang='grc' dir='ltr'><strong><em>ἐξ</em></strong></span> <span class='ocrx_word' id='word_1_188' title='bbox 334 2705 436 2793; x_wconf 77' lang='grc' dir='ltr'><strong><em>ἀρχῆς</em></strong></span> <span class='ocrx_word' id='word_1_189' title='bbox 454 2706 568 2791; x_wconf 86' lang='grc' dir='ltr'><strong><em>δέησιν</em></strong></span> <span class='ocrx_word' id='word_1_190' title='bbox 587 2703 670 2785; x_wconf 79' lang='grc' dir='ltr'><strong><em>εἶξαι</em></strong></span> <span class='ocrx_word' id='word_1_191' title='bbox 688 2706 744 2771; x_wconf 82' lang='grc' dir='ltr'><strong><em>καὶ</em></strong></span> <span class='ocrx_word' id='word_1_192' title='bbox 762 2705 867 2791; x_wconf 74' lang='grc' dir='ltr'><strong><em>μηδὲν</em></strong></span> <span class='ocrx_word' id='word_1_193' title='bbox 890 2707 1117 2792; x_wconf 82' lang='grc' dir='ltr'><strong><em>ἀντειρηκέναι</em></strong></span> 
     </span>
     <span class='ocr_line' id='line_1_26' title="bbox 61 2811 1116 2898; baseline 0.001 -23"><span class='ocrx_word' id='word_1_194' title='bbox 61 2826 87 2867; x_wconf 76' lang='lat'><strong><em>25</em></strong></span> <span class='ocrx_word' id='word_1_195' title='bbox 101 2811 183 2875; x_wconf 91' lang='grc' dir='ltr'><strong><em>κατά</em></strong></span> <span class='ocrx_word' id='word_1_196' title='bbox 206 2834 240 2875; x_wconf 86' lang='grc' dir='ltr'><strong><em>τε</em></strong></span> <span class='ocrx_word' id='word_1_197' title='bbox 263 2813 323 2895; x_wconf 82' lang='grc' dir='ltr'><strong><em>την</em></strong></span> <span class='ocrx_word' id='word_1_198' title='bbox 347 2820 404 2894; x_wconf 79' lang='grc' dir='ltr'><strong><em>τῆς</em></strong></span> <span class='ocrx_word' id='word_1_199' title='bbox 426 2813 679 2898; x_wconf 91' lang='grc' dir='ltr'><strong><em>παρακαλούσης</em></strong></span> <span class='ocrx_word' id='word_1_200' title='bbox 708 2812 871 2898; x_wconf 79' lang='grc' dir='ltr'><strong><em>ἐντροπὴν</em></strong></span> <span class='ocrx_word' id='word_1_201' title='bbox 894 2813 949 2877; x_wconf 81' lang='grc' dir='ltr'><strong><em>καὶ</em></strong></span> <span class='ocrx_word' id='word_1_202' title='bbox 971 2815 1033 2896; x_wconf 80' lang='grc' dir='ltr'><strong><em>τὴν</em></strong></span> <span class='ocrx_word' id='word_1_203' title='bbox 1055 2823 1116 2877; x_wconf 88' lang='grc' dir='ltr'><strong><em>τοῦ</em></strong></span> 
     </span>
     <span class='ocr_line' id='line_1_27' title="bbox 100 2912 1116 3003; baseline -0.001 -23"><span class='ocrx_word' id='word_1_204' title='bbox 100 2916 231 2992; x_wconf 90' lang='grc' dir='ltr'><strong><em>πάθους</em></strong></span> <span class='ocrx_word' id='word_1_205' title='bbox 260 2918 469 3003; x_wconf 78' lang='grc' dir='ltr'><strong><em>ὑπερβολήν,</em></strong></span> <span class='ocrx_word' id='word_1_206' title='bbox 501 2915 560 3001; x_wconf 85' lang='grc' dir='ltr'><strong><em>ὑφ’</em></strong></span> <span class='ocrx_word' id='word_1_207' title='bbox 593 2913 633 2982; x_wconf 87' lang='grc' dir='ltr'><strong><em>οὗ</em></strong></span> <span class='ocrx_word' id='word_1_208' title='bbox 661 2921 816 3000; x_wconf 81' lang='grc' dir='ltr'><strong><em>βιασθείη</em></strong></span> <span class='ocrx_word' id='word_1_209' title='bbox 846 2917 1004 2982; x_wconf 91' lang='grc' dir='ltr'><strong><em>δέσποινα</em></strong></span> <span class='ocrx_word' id='word_1_210' title='bbox 1032 2912 1116 2980; x_wconf 86' lang='grc' dir='ltr'><strong><em>οὖσα</em></strong></span> 
     </span>
     <span class='ocr_line' id='line_1_28' title="bbox 98 3019 1115 3107; baseline 0.001 -21"><span class='ocrx_word' id='word_1_211' title='bbox 98 3031 159 3087; x_wconf 88' lang='grc' dir='ltr'><strong><em>τοῦ</em></strong></span> <span class='ocrx_word' id='word_1_212' title='bbox 182 3019 252 3087; x_wconf 89' lang='grc' dir='ltr'><strong><em>κατ’</em></strong></span> <span class='ocrx_word' id='word_1_213' title='bbox 275 3023 379 3107; x_wconf 79' lang='grc' dir='ltr'><strong><em>αὐτὴν</em></strong></span> <span class='ocrx_word' id='word_1_214' title='bbox 402 3021 583 3107; x_wconf 84' lang='grc' dir='ltr'><strong><em>ἀξιώματος</em></strong></span> <span class='ocrx_word' id='word_1_215' title='bbox 606 3021 819 3107; x_wconf 87' lang='grc' dir='ltr'><strong><em>ταπεινοτέρα</em></strong></span> <span class='ocrx_word' id='word_1_216' title='bbox 841 3020 1010 3104; x_wconf 80' lang='grc' dir='ltr'><strong><em>γενέσθαι,</em></strong></span> <span class='ocrx_word' id='word_1_217' title='bbox 1033 3046 1115 3107; x_wconf 91' lang='grc' dir='ltr'><strong><em>φρο-</em></strong></span> 
     </span>
     <span class='ocr_line' id='line_1_29' title="bbox 99 3125 1203 3216; baseline 0 -23"><span class='ocrx_word' id='word_1_218' title='bbox 99 3132 193 3212; x_wconf 79' lang='grc' dir='ltr'><strong><em>νήσει</em></strong></span> <span class='ocrx_word' id='word_1_219' title='bbox 213 3125 249 3193; x_wconf 72' lang='grc' dir='ltr'><strong><em>δὲ</em></strong></span> <span class='ocrx_word' id='word_1_220' title='bbox 268 3127 323 3193; x_wconf 79' lang='grc' dir='ltr'><strong><em>καὶ</em></strong></span> <span class='ocrx_word' id='word_1_221' title='bbox 340 3138 405 3194; x_wconf 87' lang='grc' dir='ltr'><strong><em>νῦν</em></strong></span> <span class='ocrx_word' id='word_1_222' title='bbox 428 3131 566 3213; x_wconf 88' lang='grc' dir='ltr'><strong><em>ἀμεινον</em></strong></span> <span class='ocrx_word' id='word_1_223' title='bbox 585 3128 704 3205; x_wconf 88' lang='grc' dir='ltr'><strong><em>ἐνδοὺς</em></strong></span> <span class='ocrx_word' id='word_1_224' title='bbox 727 3126 782 3193; x_wconf 78' lang='grc' dir='ltr'><strong><em>καί</em></strong></span> <span class='ocrx_word' id='word_1_225' title='bbox 805 3129 842 3192; x_wconf 83' lang='grc' dir='ltr'><strong><em>τὸ</em></strong></span> <span class='ocrx_word' id='word_1_226' title='bbox 867 3125 919 3191; x_wconf 77' lang='grc' dir='ltr'><strong><em>ἐπὶ</em></strong></span> <span class='ocrx_word' id='word_1_227' title='bbox 941 3138 1010 3204; x_wconf 78' lang='grc' dir='ltr'><strong><em>τοῖς</em></strong></span> <span class='ocrx_word' id='word_1_228' title='bbox 1032 3150 1114 3216; x_wconf 92' lang='grc' dir='ltr'><strong><em>παρ-</em></strong></span> <span class='ocrx_word' id='word_1_229' title='bbox 1198 3202 1203 3208; x_wconf 51' lang='grc'><strong><em>,</em></strong></span> 
     </span>
     <span class='ocr_line' id='line_1_30' title="bbox 98 3233 1115 3321; baseline 0.004 -23"><span class='ocrx_word' id='word_1_230' title='bbox 98 3238 259 3299; x_wconf 87' lang='grc' dir='ltr'><strong><em>ελθούσιν</em></strong></span> <span class='ocrx_word' id='word_1_231' title='bbox 287 3237 444 3319; x_wconf 88' lang='grc' dir='ltr'><strong><em>ἀγνωμον</em></strong></span> <span class='ocrx_word' id='word_1_232' title='bbox 472 3237 702 3319; x_wconf 87' lang='grc' dir='ltr'><strong><em>διορθώσεται.</em></strong></span> <span class='ocrx_word' id='word_1_233' title='bbox 749 3233 835 3316; x_wconf 80' lang='grc'>&lt;47&gt;</span> <span class='ocrx_word' id='word_1_234' title='bbox 859 3239 923 3299; x_wconf 78' lang='grc' dir='ltr'><strong><em>εἴτε</em></strong></span> <span class='ocrx_word' id='word_1_235' title='bbox 951 3236 1014 3321; x_wconf 90' lang='grc' dir='ltr'><strong><em>γάρ</em></strong></span> <span class='ocrx_word' id='word_1_236' title='bbox 1039 3238 1115 3302; x_wconf 92' lang='grc' dir='ltr'><strong><em>δεν-</em></strong></span> 
     </span>
     <span class='ocr_line' id='line_1_31' title="bbox 57 3337 1113 3427; baseline 0.002 -22"><span class='ocrx_word' id='word_1_237' title='bbox 57 3357 84 3398; x_wconf 74' lang='lat'><strong><em>80</em></strong></span> <span class='ocrx_word' id='word_1_238' title='bbox 98 3338 197 3426; x_wconf 88' lang='grc' dir='ltr'><strong><em>τέραν</em></strong></span> <span class='ocrx_word' id='word_1_239' title='bbox 229 3338 344 3423; x_wconf 89' lang='grc' dir='ltr'><strong><em>δέησιν</em></strong></span> <span class='ocrx_word' id='word_1_240' title='bbox 377 3340 560 3426; x_wconf 82' lang='grc' dir='ltr'><strong><em>ἐξεδέχετο,</em></strong></span> <span class='ocrx_word' id='word_1_241' title='bbox 593 3341 715 3421; x_wconf 90' lang='grc' dir='ltr'><strong><em>ταύτην</em></strong></span> <span class='ocrx_word' id='word_1_242' title='bbox 747 3337 920 3421; x_wconf 91' lang='grc' dir='ltr'><strong><em>γεγονέναι</em></strong></span> <span class='ocrx_word' id='word_1_243' title='bbox 950 3341 1005 3406; x_wconf 82' lang='grc' dir='ltr'><strong><em>καὶ</em></strong></span> <span class='ocrx_word' id='word_1_244' title='bbox 1034 3345 1113 3427; x_wconf 87' lang='grc' dir='ltr'><strong><em>μετά</em></strong></span> 
     </span>
     <span class='ocr_line' id='line_1_32' title="bbox 172 3461 552 3527; baseline -0.008 -12"><span class='ocrx_word' id='word_1_245' title='bbox 172 3467 187 3527; x_wconf 67' lang='lat'>5</span> <span class='ocrx_word' id='word_1_246' title='bbox 206 3468 240 3515; x_wconf 83' lang='lat'><strong><em>42</em></strong></span> <span class='ocrx_word' id='word_1_247' title='bbox 256 3488 289 3506; x_wconf 93' lang='lat'><em>=</em></span> <span class='ocrx_word' id='word_1_248' title='bbox 305 3461 372 3516; x_wconf 84' lang='lat' dir='ltr'>Gen.</span> <span class='ocrx_word' id='word_1_249' title='bbox 392 3462 508 3515; x_wconf 81' lang='lat' dir='ltr'>XXXIX</span> <span class='ocrx_word' id='word_1_250' title='bbox 527 3467 552 3513; x_wconf 89' lang='lat'><strong><em>8.</em></strong></span> 
     </span>
    </p>
   </div>
   <div class='ocr_carea' id='block_1_3' title="bbox 0 0 1234 3848">
    <p class='ocr_par' dir='ltr' id='par_1_3' title="bbox 0 0 1234 3848">
     <span class='ocr_line' id='line_1_33' title="bbox 0 0 1234 3848; baseline 0 3"><span class='ocrx_word' id='word_1_251' title='bbox 0 0 1234 3848; x_wconf 95' lang='lat' dir='ltr'><strong><em> </em></strong></span> 
     </span>
    </p>
   </div>
  </div>
 </body>
</html>
