2460 3848
103 135 168 201 112
471 136 746 188 εεΧειοΔουιεε

100 298 162 384 οὐχ
180 296 347 383 Ἑβραίοις
374 299 480 382 μόνον
507 294 591 361 ἀλλὰ
620 293 675 361 καί
702 297 790 383 παρὰ
813 308 882 374 τοῖς
905 296 1124 383 ἀλλοφύλοις,

101 402 184 488 ἐμοῦ
206 413 305 471 τοῦτο
328 399 546 488 χαριζομένου
570 405 627 468 σοί
650 425 685 467 τε
708 401 854 480 καὶτοῖς
877 402 913 468 ἐκ
936 413 998 469 σοῦ
1022 427 1123 488 γενη-

100 508 261 595 σομένοις.
308 511 399 574 ἔσται
426 505 457 571 δ’
489 507 578 596 αὐτῷ
606 506 661 574 καὶ
689 507 832 593 ἁδελφὸς
860 519 1010 586 τοιοῦτος
1033 511 1119 575 ὥστε

99 618 160 700 τήν
179 614 262 700 ἐμήν
281 613 369 693 ἕξειν
388 614 576 701 ἱερωσύνην
600 615 703 681 αὐτόν
725 638 759 680 τε
782 613 838 680 καὶ
860 618 938 692 τοὺς
961 614 1124 697 ἐκγόνους

99 720 203 787 αὐτοῦ
227 721 283 787 διὰ
306 723 430 797 παντὸς
451 730 511 788 τοῦ
534 720 683 808 χρόνου.’
1136 741 1150 785 5

63 842 81 891 4
166 826 278 911 <217>
300 835 404 893 ταῦτα
421 836 479 911 τής
497 828 604 906 όψεως
622 827 711 915 αὐτῷ
736 828 931 911 δηλωσάσης
952 849 1124 914 περιεγερ-

98 929 173 1009 θεὶς
201 933 219 999 ὁ
244 928 434 1019 Ἀμαράμης
461 932 581 1018 ἐδήλου
609 942 647 1018 πή
671 931 877 1020 Ἰωαχεβέδη·
908 936 993 1018 γυνή
1018 931 1048 999 δ’
1077 930 1121 1018 ήν

99 1037 212 1105 αὐτοῦ.
258 1035 314 1103 καὶ
343 1040 380 1104 τὸ
411 1037 487 1118 δέος
515 1042 563 1106 ἐτι
586 1043 696 1125 μεῖζον
724 1041 780 1105 διά
807 1041 868 1124 τήν
895 1050 956 1107 τοῦ
987 1040 1124 1125 ὀνείρου

99 1148 287 1232 πρόρρησιν
315 1144 428 1222 αὐτοῖς
455 1149 644 1213 συνίστατο·
673 1145 714 1211 οὐ
741 1147 805 1233 γὰρ
833 1146 877 1223 ὡς
903 1145 979 1233 περὶ
1001 1148 1123 1223 παιδὸς

100 1254 207 1336 μόνον
229 1250 382 1336 εὐλαβεῖς
400 1247 497 1335 ἦσαν,
520 1250 677 1318 ἀλλὰκαὶ
700 1253 744 1330 ὡς
768 1250 821 1318 ἐπὶ
843 1251 978 1336 μεγέθει
1000 1254 1122 1317 τοσαύ-
1138 1274 1161 1314 ιο

101 1379 159 1442 της
176 1356 392 1442 εὐδαιμονίας
411 1355 581 1442 ἐσομένου.
626 1358 736 1441 <218>
750 1368 820 1435 τοῖς
842 1356 955 1442 μέντοι
977 1379 1121 1441 προκατ-

99 1460 315 1548 ηγγελμένοις
339 1464 405 1530 ὑπὸ
424 1474 485 1531 τοῦ
503 1470 589 1531 θεοῦ
614 1466 726 1530 πίστιν
745 1464 762 1530 ὁ
781 1466 912 1542 τοκετὸς
929 1472 985 1548 τῆς
1001 1486 1119 1546 γυναι-

100 1571 159 1647 κδς
189 1580 344 1656 παρεῖχε,
378 1572 549 1656 λαθούσης
579 1573 658 1648 τοὺς
689 1572 838 1656 φύλακας
869 1571 926 1635 διά
956 1570 1017 1653 τήν
1049 1579 1119 1635 τῶν

101 1675 235 1742 ὠδίνων
258 1674 435 1743 ἐπιείκειαν
462 1675 517 1743 καί
544 1679 581 1743 τὸ
612 1678 656 1762 μή
679 1680 789 1762 βιαίας
811 1677 893 1762 αὐτή
916 1686 1121 1762 προσπεσεῖν

100 1781 159 1859 τάς
177 1780 372 1867 ἀλγηδόνας.
418 1781 473 1849 καὶ
492 1794 580 1871 τρεῖς
603 1780 664 1869 μὲν
683 1792 788 1868 μῆνας
809 1780 885 1870 παρ’
912 1782 1026 1860 αὐτοῖς
1048 1781 1122 1869 τρέ-
1137 1805 1161 1844 15

101 1903 205 1970 φουσι
233 1888 468 1965 λανθάνοντες.
514 1888 623 1972 (219)
646 1890 757 1955 ἔπειτα
784 1886 821 1954 δὲ
849 1890 960 1965 δείσας
979 1887 1122 1976 Ἀμαρά-

101 2016 165 2077 μης
191 1995 236 2078 μή
268 1996 464 2081 κατάφωρος
495 1992 630 2079 γένηται
658 1993 713 2060 καὶ
739 1997 850 2061 πεσὼν
877 1995 942 2060 ὑπὸ
970 1997 1031 2080 τήν
1058 2007 1121 2062 τοῦ

102 2097 264 2183 βασιλέως
291 2102 396 2189 ὀργήν
423 2101 522 2179 αὐτός
549 2096 578 2167 τ’
604 2101 764 2186 ἀπόληται
791 2103 871 2186 μετὰ
898 2112 958 2168 τοῦ
981 2104 1120 2168 παιδίου

101 2201 236 2271 καὶτοῦ
254 2215 339 2275 θεοῦ
357 2211 418 2294 τήν
438 2208 635 2293 ἐπαγγελίαν
653 2209 858 2294 ἀφανίσειεν,
881 2211 966 2292 ἐγνω
990 2214 1120 2293 μᾶλλον

101 2309 155 2377 ἐπὶ
181 2313 288 2401 τούτῳ
317 2318 521 2400 ποιήσασθαι
553 2317 614 2400 τήν
639 2325 701 2381 τοῦ
728 2316 846 2391 παιδὸς
873 2318 1038 2401 σωτηρίαν
1061 2315 1119 2381 καὶ
1134 2338 1160 2376 20

99 2421 263 2505 πρόνοιαν
295 2420 316 2503 ή
348 2430 393 2507 τῷ
427 2425 589 2505 λήσεσθαι
618 2422 839 2497 πεπιστευκώς
871 2420 984 2508 (τοῦτο
1012 2419 1042 2486 δ’
1077 2419 1121 2505 ἦν

100 2523 248 2612 ἄδηλον)
281 2524 595 2592 ἐναποκινδυνεύειν
628 2525 669 2592 οὐ
700 2535 744 2613 τῷ
777 2525 871 2591 παιδὶ
903 2532 1008 2611 μόνον
1039 2553 1121 2615 κρυ-

100 2633 207 2714 φαίως
229 2630 434 2721 τρεφομένῳ,
457 2631 541 2698 ἀλλὰ
563 2630 619 2697 καὶ
637 2631 739 2720 αὐτῷ·
763 2632 874 2716 <220>
891 2637 950 2700 τὸν
974 2630 1012 2699 δέ
1034 2638 1120 2701 θεὸν

100 2735 212 2820 ἡγεῖτο
243 2745 353 2803 πᾶσαν
386 2736 553 2825 ἐκποριεῖν
585 2737 768 2823 ἀσφάλειαν
799 2736 884 2825 ὑπὲρ
919 2751 979 2806 τοῦ
1012 2738 1120 2824 μηδὲν

100 2840 223 2922 ψευδὲς
240 2837 397 2928 γενέσθαι
416 2855 482 2910 τῶν
500 2842 693 2930 είρημόνων.
738 2855 841 2912 ταῦτα
863 2849 1035 2932 κρίναντες
1057 2872 1121 2933 μη-
1135 2867 1161 2908 ετ

102 2962 269 3036 χανῶνται
297 2947 424 3043 πλέγμα
453 2974 485 3016 τι
515 2952 677 3035 βύβλινον
704 2948 842 3039 ἐμφερὲς
871 2961 910 3037 τῇ
933 2964 1119 3040 κατασκευῇ

101 3059 237 3142 κοιτίδι,
260 3054 401 3142 μέγεθος
417 3056 506 3146 αὐτῷ
525 3061 721 3144 ποιήσαντες
739 3060 896 3143 αύταρκες
919 3061 966 3136 είς
984 3062 1020 3124 τὸ
1045 3059 1114 3143 μετ’

101 3161 307 3249 εὐρυχωρίας
327 3162 563 3230 ἐναποκεῖσθαι
580 3167 618 3231 τὸ
632 3162 766 3250 βρέφος·
790 3166 900 3250 <221>
919 3168 1029 3231 ἔπειτα
1048 3171 1120 3253 χρί-

101 3284 219 3345 σαντες
243 3268 399 3360 άσφάλτφ
428 3271 485 3360 (τῷ
510 3273 573 3358 γάρ
596 3271 694 3337 ύδατι
723 3273 783 3355 τήν
807 3273 862 3336 διά
885 3283 951 3336 τῶν
973 3274 1119 3357 πλεγμά-

93 3394 166 3436 των
193 3372 421 3463 άποφράττειν
448 3379 582 3444 είσοδον
608 3377 629 3461 ή
653 3378 819 3461 ἄσφαλτος
847 3375 1008 3464 πέφυκεν)
1033 3377 1120 3445 ἐντι·
1135 3400 1161 3440 ω

147 3498 167 3558 5
186 3500 248 3553 217
263 3525 299 3546 =
312 3500 406 3561 Exod.
427 3503 457 3560 H
475 3508 500 3560 β.
