2460 3848
128 158 192 224 108
496 161 769 215 ΑΡΧΔῙΟΛΟΓΙΑΣ

128 319 248 388 δέοντα
270 326 473 406 πεντήκοντα
496 320 551 387 καλ
574 319 703 404 ἑκατόν,
726 323 868 406 μηδενὸς
891 318 952 405 μὲν
975 332 1042 388 τῶν
1065 344 1151 409 προ-

128 432 241 512 γόνων
270 426 487 513 ἀπολειφθεὶς
514 425 565 492 ἐπ’
591 429 743 515 εὐσεβείᾳ
765 438 825 495 τοῦ
847 434 949 511 θεοῦ,
976 431 1087 513 τυχῶν
1113 428 1146 495 δ’

129 534 268 619 ἀμοιβῆς
290 529 329 617 ής
348 536 479 599 δίκαιον
496 528 539 616 ήν
558 535 636 611 τούς
658 535 764 611 οὐτως
786 533 936 617 ἀγαθοὺς
957 539 1149 617 γεγονότας.

128 637 283 725 Ἰώσηπος
307 638 360 723 δέ,
388 642 664 725 συγχωρήσαντος
686 641 775 729 αὐτῷ
799 650 860 707 τοῦ
882 640 1059 725 βασιλέως,
1086 645 1149 708 τὸν
1224 725 1226 727 ‚

128 755 188 810 τοῦ
217 746 340 829 πατρὸς
366 748 487 830 νεκρὸν
514 747 561 822 είς
584 750 745 830 Χεβρῶνα
770 749 909 831 κομίσας
936 745 1005 812 ἐκεῖ
1024 747 1174 818 θοίπτειτ

127 855 325 928 πολυτελῶς.
371 852 481 936 <197>
510 863 577 918 τῶν
607 850 637 917 δ’
672 851 828 937 ἀδελφῶν
859 852 900 918 οὐ
932 851 1148 937 βουλομένων

128 956 217 1045 αὐτῷ
243 956 527 1045 συναποστρέφειν
547 956 637 1045 (δέος
654 958 718 1045 γὰρ
737 958 859 1036 αὐτοὺς
877 954 943 1044 εἶχε
962 961 1006 1043 μή
1025 967 1148 1044 τεθνη-

128 1066 224 1140 κότος
256 1065 368 1142 αὐτοῖς
394 1075 455 1131 τοῦ
481 1068 604 1152 πατρὸς
631 1067 852 1151 τιμωρήσαιτο
882 1075 940 1150 τῆς
966 1067 1013 1142 είς
1043 1066 1148 1132 αὐτὸν

129 1169 324 1254 ἐπιβουλῆς,
348 1167 455 1236 οὐκέτ’
482 1173 578 1248 όντος
601 1165 627 1259 ηδ
651 1174 814 1258 χαρίζοιτο
838 1174 899 1256 τήν
921 1174 1004 1258 πρὸς
1026 1172 1149 1249 αὐτοὺς

128 1275 337 1364 μετριότητα)
364 1280 475 1342 πείθει
499 1274 604 1362 μηδὲν
630 1277 840 1364 ὑφορᾶσθαι,
872 1273 950 1362 μηδ’
976 1281 1064 1364 ἔχειν
1087 1279 1146 1344 αὐ·
1161 1307 1186 1348 ιο

127 1385 187 1449 τὸν
210 1380 255 1448 δι’
281 1383 433 1461 ὑποψίας.
470 1381 604 1466 ἀγαγὼν
628 1379 665 1448 δὲ
684 1380 760 1467 μεθ’
784 1380 903 1451 ἑαυτοῦ
926 1392 1042 1467 κτῆσιν
1065 1391 1145 1451 πολ-

128 1491 192 1573 λήν
215 1488 405 1575 ἐχαρίσατο,
434 1487 489 1553 καλ
512 1490 600 1575 πίση
622 1487 699 1575 περὶ
722 1489 844 1567 αὐτοὺς
867 1492 995 1575 σπουδή
1020 1493 1146 1576 χρώμε-

128 1618 187 1672 νος
209 1595 271 1661 οὐκ
294 1592 432 1660 ἐνέλιπε.

92 1713 109 1761 2
195 1700 305 1784 (198)
336 1707 472 1787 τελευτᾷ
504 1697 535 1765 δ’
571 1697 667 1778 οὐτος
699 1705 753 1787 ἔτη
786 1704 908 1786 βιώσας
941 1701 1058 1769 ἑκατὸν
1090 1703 1146 1769 καὶ

129 1805 227 1891 δέκα,
255 1807 443 1891 θαυμάσιος
469 1808 531 1891 τήν
554 1806 674 1893 ἀρετήν
697 1811 890 1893 γενόμενος,
918 1807 973 1873 καλ
996 1814 1144 1898 λογισμῷ
1161 1836 1187 1876 15

128 1914 236 1980 πάντα
265 1916 402 1979 διοικῶν
428 1910 484 1978 καὶ
513 1914 574 1996 τήν
604 1912 760 1992 ἐξουσίαν
781 1919 1029 2000 ταμιευόμενος·
1060 1915 1146 2001 δδή

128 2019 184 2085 καὶ
211 2029 269 2104 τής
295 2020 449 2104 τοιαύτης
476 2018 689 2103 εὐδαιμονίας
716 2027 823 2088 αίτιον
853 2023 942 2110 αὐτῷ
965 2024 1054 2109 παρὰ
1077 2036 1147 2100 τοῖς

129 2128 337 2212 Αἰγυπτίοις,
360 2125 550 2212 ἀλλαχόθεν
567 2126 683 2210 ήκοντι
700 2126 756 2192 καὶ
779 2129 860 2212 μετὰ
878 2131 1031 2213 τοιαύτης
1049 2153 1147 2196 κακο-

128 2235 270 2317 πραγίας
288 2229 364 2317 μεθ’
386 2228 426 2316 ής
442 2236 697 2320 προειρήκαμεν,
715 2233 870 2320 ὐπήρχεν.
912 2236 1022 2319 <199>
1035 2240 1146 2301 τελευ-

128 2349 208 2404 τῶσι
241 2336 271 2404 δ’
304 2340 408 2405 αὐτοῦ
437 2338 492 2404 καί
515 2340 551 2404 οί
570 2338 731 2425 ἀδελφοί,
764 2343 917 2425 ζήσαντες
940 2341 1146 2426 εὐδαιμόνως
1160 2367 1186 2407 νο

129 2442 183 2510 έπλ
206 2452 263 2528 τής
285 2446 467 2527 Αίγύπτου.
512 2443 718 2511 καὶτούτων
748 2443 808 2530 μὲν
832 2449 872 2512 τδι
896 2449 1029 2531 σώματα
1052 2453 1145 2533 κομί-

129 2568 246 2627 σαντες
268 2551 349 2635 μετὰ
371 2553 494 2636 χρόνον
517 2550 628 2616 αὐτῶν
659 2551 695 2616 οί
715 2551 875 2635 ἀπόγονοι
898 2551 953 2619 καλ
975 2555 1011 2619 οί
1030 2556 1145 2632 παῖδες

51 2736 56 2740 .
129 2659 262 2736 ἔθαψαν
294 2656 331 2723 έν
355 2660 526 2741 Χεβρῶνι,
557 2657 597 2722 τδι
625 2654 663 2723 δὲ
686 2655 849 2742 Ἰωσήπου
881 2660 962 2725 ὀστᾶ
990 2660 1144 2745 ὕστερον,

129 2763 184 2830 ὅτε
203 2760 445 2848 μετανέστησαν
464 2762 501 2829 ἐκ
518 2773 575 2847 τής
589 2766 762 2847 Αίγόπτου
786 2767 821 2830 οί
831 2764 990 2850 Ἑβραῖοι,
1014 2768 1060 2842 είς
1083 2768 1145 2851 τήν

130 2874 323 2936 Χαναναίαν
353 2868 523 2953 ἐκόμισαν·
565 2870 674 2955 (200)
697 2871 783 2936 οὐτω
807 2872 869 2957 γὰρ
894 2873 1015 2949 αὐτοὺς
1038 2872 1055 2938 ὁ
1076 2868 1144 2938 Ἰώ-
1158 2894 1186 2935 τε

129 2995 234 3061 σηπος
247 2975 412 3062 ἐξώρκισε.
448 2977 577 3042 τούτων
595 2971 658 3042 οὖν
676 2975 814 3043 ἕκαστον
837 2978 882 3054 ὡς
904 2980 976 3063 έσχε
1000 2976 1055 3042 καὶ
1078 2981 1145 3044 τίσι

128 3086 245 3161 πόνοις
264 3083 446 3170 ἐκρότησαν
464 3091 521 3168 τής
540 3086 728 3160 Χαναναίας
751 3095 898 3168 σημανῶ,
920 3084 1144 3170 προδιηγησα-

129 3214 228 3275 μευος
249 3192 311 3274 τήν
334 3192 443 3256 αίτίαν
466 3186 511 3254 δι’
537 3190 579 3272 ήν
602 3191 663 3273 τήν
685 3195 858 3273 Αίγυπτου
881 3189 1040 3269 ἐξέλιπον.

93 3286 114 3352 9
195 3296 306 3382 <201>
338 3297 534 3380 Αἰγυπτίοις
565 3307 742 3382 τρυφεροῖς
777 3294 832 3361 καὶ
868 3297 1035 3385 ῥαθύμοις
1066 3293 1144 3363 οὐσι

123 3406 211 3490 πρὸς
232 3407 368 3488 πόνους,
390 3402 445 3469 καὶ
463 3413 530 3468 τῶν
547 3399 575 3467 τ’
600 3404 711 3468 ἄλλων
734 3402 866 3485 ἡδονῶν
885 3404 998 3486 ήττοσι
1020 3401 1076 3468 καὶ
1100 3405 1184 3488 δήια

176 3529 264 3589 §196
274 3553 309 3574 =
319 3527 388 3584 Gen.
399 3525 491 3584 XLIX
502 3531 543 3584 29.
570 3530 586 3594 5
599 3523 847 3582 198=Exod.1ss.
870 3522 1154 3589 ξὶῶῶεῖιευῷκε.

581 3772 664 3785 -ι
