2460 3848
100 152 142 219 76
462 154 737 207 ΑΡΧΑΙΟΛΟΓΙΑΣ

99 318 187 401 <27>
205 318 226 400 ή
245 313 273 382 τ’
292 318 379 382 αίτία
398 324 455 398 τής
472 312 671 399 ἀναιρέσεως
688 315 774 378 πολὺ
793 315 891 398 χείρω
910 312 970 394 τήν
993 310 1115 396 πρᾶξιν

99 423 211 488 αὐτῶν
224 426 350 506 τίθήσι,
374 421 429 485 διὰ
448 423 582 504 φθόνον
595 430 662 496 τῶν
681 416 849 502 ἐσομένων
868 416 1006 500 ἀγαθῶν
1025 417 1115 505 αὐτῷ

99 540 160 596 τοῦ
185 532 242 613 ζήν
270 526 440 610 ἐξαγαγεῖν
469 527 713 609 διεγνωκότων,
742 519 788 590 ὧν
812 527 849 590 τδ
874 530 947 589 ίσον
971 522 1117 589 ἀπολαύ-

101 649 198 699 σουσι
215 641 456 708 κοινωνοῦντες
474 632 562 719 αὐτῷ
578 640 636 714 τής
649 634 834 715 μετουσίας,
852 630 914 696 οὐκ
932 629 1118 715 ἀλλοτρίων

101 741 208 805 όντων
235 734 307 803 ἀλλ’
340 739 480 803 οἰκείων.
526 738 612 822 <28>
642 739 711 802 ίδια
738 739 801 823 γάρ
830 737 940 802 αὐτῶν
968 737 1144 820 ὑπολαμδ

101 846 217 930 βαίνειν
250 844 311 909 ὅσα
342 846 423 920 θεὸς
446 840 593 932 Ἰωσήπῳ
623 846 738 909 δύσει·
762 847 942 929 προσήκειν
970 837 1032 908 οὖν
1052 843 1118 926 τήν

102 951 206 1037 ὀργήν
223 948 279 1014 καὶ
294 951 350 1014 διά
368 960 467 1016 τοῦτο
486 950 607 1026 αὐτοὺς
620 947 849 1035 χαλεπωτέραν
869 952 1005 1014 έσεσθαι
1024 951 1119 1032 νομί-

103 1061 182 1140 ζειν,
205 1059 235 1121 εί
252 1058 311 1121 τὸν
329 1052 385 1120 ὑπ’
408 1055 511 1121 αὐτοῦ
533 1065 594 1121 τοῦ
616 1062 701 1121 θεοῦ
719 1053 915 1141 κεκριμένον
938 1066 1004 1119 τῶν
1029 1053 1119 1119 ε’λπι-

103 1160 248 1246 ζομένων
285 1162 423 1245 ἀγαθῶν
460 1161 554 1239 ἀξιον
590 1159 840 1237 ἀποκτείναντες
876 1159 1119 1246 ἀφαιρήσονται

102 1271 161 1334 τὸν
183 1271 267 1334 θεὸν
291 1261 317 1355 ᾧ
341 1277 444 1334 ταῦτα
467 1270 649 1353 χαρίσηται.
1134 1283 1159 1323 10

67 1393 84 1441 2
171 1375 258 1458 <29>
285 1372 341 1438 καὶ
369 1374 387 1440 ό
415 1369 476 1457 μέν
499 1371 675 1458 Ῥούβήλος
701 1381 803 1438 ταῦτα
831 1370 937 1455 λέγων
959 1369 1121 1457 καὶπρὸς

102 1481 233 1557 τούτοις
260 1483 307 1545 έτι
334 1483 453 1563 πλείω,
480 1478 536 1544 καὶ
564 1481 736 1563 δεόμενος,
764 1477 915 1564 ἐπειρᾶτο
945 1487 1001 1561 τής
1024 1477 1120 1543 ἀδελ-

103 1590 281 1671 φοκτονίας
307 1587 429 1663 αὐτοὺς
456 1583 666 1670 ἀποτρέπειν·
695 1583 766 1650 ε’πελ
794 1582 824 1650 δ’
852 1580 952 1650 οὐδέν
983 1607 1121 1668 μετριω-

102 1691 218 1779 τέρους
238 1693 304 1758 ὑπὸ
323 1705 390 1758 τῶν
409 1695 519 1776 λόγων
543 1689 628 1777 έώρα
651 1689 891 1775 γεγενημένους
914 1689 997 1754 ἀλλά
1020 1692 1121 1755 σπεύ-

104 1800 223 1875 δοντας
237 1798 289 1865 ἐπὶ
303 1801 364 1882 τήν
379 1799 561 1885 ἀναίρεσιν,
580 1799 801 1882 συνεβούλευε
820 1800 857 1862 τὸ
875 1799 979 1878 κακὸν
998 1796 1121 1874 αὐτούς
1136 1812 1161 1854 15

104 1901 343 1989 ἐπιεικέστερον
361 1913 496 1987 ποιήσαι
513 1911 558 1990 τῷ
578 1907 688 1991 τρόπω
712 1912 769 1985 τής
791 1900 999 1988 ἀναιρέσεως.
1031 1902 1121 1985 <30>

103 2007 158 2074 καὶ
181 2010 244 2093 γάρ
268 2011 407 2093 ἀμεινον
430 2006 490 2092 μέν
521 2008 563 2074 ἀν
586 2000 637 2084 οἷς
658 2005 824 2094 παρήνεσε
847 2011 885 2074 τὸ
908 2019 1040 2094 πρῶτον
1063 2030 1121 2073 πε·
1163 2020 1167 2027 ’

103 2122 239 2181 πεϊσθαι
258 2114 364 2198 λέγων
383 2114 515 2200 αὐτούς,
538 2112 608 2180 ἐπεὶ
628 2111 658 2180 δ’
682 2114 865 2201 ἐκράτησαν
884 2111 960 2179 ὥστ’
988 2113 1121 2180 ἀνελεῖν

103 2224 162 2286 τὸν
194 2221 362 2306 ἀδελφόν,
399 2221 459 2286 οὐκ
492 2224 629 2286 έσεσθαι
666 2222 797 2306 σφόδρα
828 2224 949 2296 κακοὺς
976 2212 1026 2296 οἷς
1055 2231 1120 2285 νῦν

103 2338 259 2411 παραινεῖ
285 2324 482 2404 πεισθέντας
509 2331 634 2411 έλεγεν·
659 2326 695 2392 έν
719 2328 781 2412 γάρ
805 2327 934 2403 τούτοις
957 2322 1042 2392 εἶναι
1065 2326 1122 2392 καὶ
1136 2343 1163 2383 2⁰

103 2428 247 2515 τοῦργον
271 2429 322 2516 ἐφ’
350 2431 368 2496 ὃ
392 2434 611 2516 σπεύδουσιν,
639 2432 679 2497 οὐ
708 2430 820 2515 μέντοι
847 2442 1016 2516 τοιοῦτον,
1043 2430 1116 2496 ἀλλ’

104 2537 148 2611 ὡς
176 2536 213 2601 έν
240 2535 377 2623 ἀπόροις
403 2541 619 2622 κουφότερον.
669 2537 757 2621 <31>
784 2536 878 2620 ήξίου
906 2539 969 2623 γάρ
1000 2537 1122 2614 αὐτοὺς

104 2640 315 2733 αὐτόχειρας·
329 2638 389 2725 μέν
418 2644 462 2726 μή
490 2641 649 2725 γενέσθαι
676 2641 864 2735 τάδελφοῦ,
896 2642 1057 2726 ῥίψαντας
1085 2638 1116 2706 δ’

104 2749 151 2823 είς
173 2749 232 2812 τὸν
259 2754 500 2833 παρακείμενον
528 2749 651 2814 λάκκου
678 2749 783 2825 οὕτως
806 2748 991 2814 ἀποθανεῖν
1015 2747 1121 2832 ἐάσαι,

104 2851 159 2918 καὶ
182 2857 220 2918 τό
243 2877 280 2937 γε
304 2855 348 2937 μή
372 2861 556 2938 μιανθῆναι
579 2855 636 2930 τάς
660 2866 771 2940 χεῖρας
793 2854 914 2930 αὐτοὺς
936 2856 1119 2939 κερδανεῖν.
1135 2871 1162 2912 25

106 2960 375 3025 συναινεσάντων
399 2956 436 3025 δέ
458 2961 588 3038 τούτοις
611 2971 677 3026 τῶν
700 2964 895 3043 νεανίσκων,
918 2961 1120 3045 παραλαβὼν

100 3063 278 3150 Ῥούβηλος
305 3068 342 3131 τὸ
370 3066 542 3151 μειράκιον
569 3065 625 3132 καὶ
653 3069 819 3133 καλωδίου
848 3064 987 3150 ἐκδήσας
1016 3065 1120 3152 ήρέμα

104 3175 291 3255 καθίμήσεν
323 3173 370 3248 είς
401 3174 460 3238 τὸν
488 3172 623 3238 λάκκον
651 3171 707 3237 καὶ
734 3174 797 3259 γάρ
827 3173 947 3249 ίκανῦς
976 3174 1122 3256 ἀνυδρος

105 3270 157 3359 ήυ.
203 3275 258 3342 καὶ
277 3276 295 3342 ὃ
314 3274 375 3362 μέν
394 3287 492 3344 τοῦτο
510 3282 650 3363 ποιήσας
668 3277 904 3344 ἀπαλλάττεται
923 3279 1004 3343 κατά
1029 3281 1121 3362 ζήτη-

69 3397 85 3446 3
105 3397 161 3446 σιν
183 3387 314 3469 χωρίων
342 3386 424 3469 πρὸς
452 3385 557 3468 υομάς
579 3383 793 3468 έπιτήδείων,
825 3384 912 3468 <32>
932 3381 1060 3459 Ἰούδας
1083 3380 1120 3449 δέ
1134 3400 1162 3440 ³⁰

177 3504 376 3568 §27=Gen.
396 3505 524 3558 xxxvss
543 3511 585 3559 22.

152 3756 270 3786 A
