2460 3848
161 143 226 209 262
529 144 802 197 ΑΡΧΑΙΟΔΟΓῙΑΣ

161 331 225 392 ραν
247 307 310 372 οὐκ
332 305 521 388 ἐπενεγκεῖν
541 305 663 390 ἱερεῖον
687 302 813 389 ἕτερον·
833 302 875 369 ού
893 303 957 388 γάρ
977 297 1072 367 εἶναι
1095 282 1195 389 νόμι-

162 437 236 498 μον.
272 411 363 480 ταῦτ’
382 400 446 479 οὖν
459 414 610 494 Μωυσής
623 407 761 494 διέταξε,
779 408 833 475 καλ
847 411 884 475 τὸ
898 405 1071 494 Ἐβραίων
1087 413 1195 489 ἔθνος

163 520 335 587 ἀκόλουθα
357 520 487 594 τούτοις
508 526 629 582 ποιοῦν
652 518 803 582 διατελεῖ.

109 639 145 692 45
230 627 340 710 <309>
362 634 401 711 τή
425 622 455 689 δ’
482 624 640 711 ὑστεραίᾳ
661 626 721 689 τὸν
744 626 826 689 λαὸν
850 625 913 688 σὺν
935 621 1099 705 γυναιξὶν
1126 626 1195 709 ἅμα

163 732 218 800 καὶ
241 729 368 808 τέκνοις
386 732 433 807 είς
450 728 627 814 ἐκκλησίαν
646 730 857 813 συναγαγών,
880 729 925 805 ὡς
946 733 1112 814 παρεῖνάι
1138 730 1217 797 καὶῡ

164 837 393 924 τάνδράποδα,
421 837 532 923 ὥρκου
555 848 622 903 τῶν
645 840 760 921 νόμων
787 836 908 913 αὐτούς
929 837 1092 920 φυλακήν
1118 859 1195 905 ποι-

164 948 323 1030 ήσασθαι,
346 941 400 1009 καλ
418 952 476 1028 τής
493 954 553 1010 τού
575 950 661 1009 θεοῦ
684 944 836 1020 διανοίας
858 942 1003 1028 ἀκριβεῖς
1028 947 1196 1026 λογιστὰς

164 1046 380 1134 γενομένους,
407 1045 513 1133 μηδὲν
541 1050 588 1125 είς
610 1047 732 1124 αὐτοὺς
754 1050 834 1132 μήτε
854 1049 1031 1133 συγγενείᾳ
1055 1054 1162 1133 χαριζ
1182 1091 1195 1100 -

165 1155 287 1240 μένους
313 1151 387 1239 μήτ’
414 1160 563 1230 εῖκοντας
585 1157 697 1242 φόβῳ,
725 1151 798 1238 μήτ’
826 1155 932 1237 ἀλλην
954 1153 1116 1233 καθάπαξ
1144 1158 1195 1221 αί-

165 1266 239 1327 τίαν
266 1258 471 1348 κυριωτέραν
498 1267 555 1343 τής
583 1271 650 1325 τῶν
672 1263 788 1344 νόμων
818 1265 967 1345 φυλακῆς
988 1258 1195 1346 ύπολαμβά-
1208 1280 1228 1319 1⁰

165 1392 285 1446 νοντας
307 1370 495 1453 παραβῆναι
517 1367 670 1449 τούτους,
692 1366 803 1450 <310>
821 1363 893 1431 ἀλλ’
921 1367 963 1430 άν
986 1363 1022 1430 τέ
1043 1390 1096 1443 τις
1122 1380 1195 1434 τῶν

166 1474 199 1553 έξ
228 1476 364 1559 αἵματος
392 1483 527 1560 συγχεῖν
554 1471 610 1537 καὶ
636 1473 812 1537 καταλύειν
841 1470 987 1556 ἐπιχειρῇ
1015 1471 1081 1554 τήν
1111 1474 1190 1540 κατ’

158 1580 286 1657 ἀὐτοὺς
312 1584 482 1647 πολιτείαν
514 1581 556 1644 άν
586 1601 620 1643 τε
652 1581 765 1660 πόλις,
803 1576 943 1661 ἀμύνειν
975 1576 1101 1656 αὐτοὺς
1134 1581 1194 1646 καὶ

165 1695 260 1771 κοινή
288 1684 342 1751 καὶ
365 1684 435 1752 κατ’
463 1686 569 1768 ίδίαν,
597 1681 651 1749 καὶ
680 1685 905 1768 κρατήσαντας
928 1678 989 1766 μὲν
1013 1680 1045 1760 ἐξ
1072 1685 1194 1753 αὐτῶν

166 1791 318 1858 ἀνασπᾶν
335 1794 502 1876 θεμελίων
519 1788 574 1856 καὶ
592 1786 676 1874 μηδὲ
694 1789 862 1873 τοῦδαφος
883 1800 951 1854 τῶν
973 1788 1194 1875 ἀπονοηθέν-
1209 1815 1219 1852 1

165 1921 250 1982 των,
273 1900 305 1962 εί
331 1900 492 1981 δυνατόν,
518 1902 723 1962 καταλιπεῖν·
752 1897 784 1960 εί
806 1893 836 1960 δ’
864 1894 1042 1961 ἀσθενοῖεν
1067 1901 1194 1981 λαβεῖν

165 2005 227 2087 τήν
248 2008 420 2090 τιμωρίαν,
443 2003 524 2069 αὐτὸ
547 2004 584 2067 τὸ
608 2003 652 2086 μή
675 2002 757 2067 κατὰ
779 2003 942 2086 βούλησιν
966 2003 1056 2067 ἰδίαν
1081 2016 1194 2071 ταῦτα

166 2113 320 2193 γίνεσθαι
344 2111 525 2176 δεικνύναι.

113 2231 148 2282 46
233 2218 343 2302 <311>
361 2215 416 2282 καί
434 2221 471 2283 τὸ
490 2213 551 2301 μὲν
569 2221 698 2299 πλῆθος
721 2216 865 2298 ι’ύμνυεν,
888 2212 1039 2279 ἐδίδασκε
1064 2213 1097 2279 δ’
1127 2219 1192 2284 αύ-

166 2327 245 2400 τοὺς
278 2323 321 2400 ὡς
353 2323 395 2389 ἀν
423 2324 460 2389 αῖ
484 2325 602 2388 θυσίαι
629 2329 674 2409 τῷ
702 2328 772 2409 θεῷ
801 2325 928 2405 μᾶλλον
950 2321 1192 2405 κεχαρισμέναι
1206 2344 1227 2382 ει

167 2428 335 2511 γένοιντο,
357 2427 412 2493 καὶ
436 2429 524 2504 ὅπως
547 2427 589 2492 ἀν
613 2429 648 2493 οί
669 2429 902 2512 στρατεύοντες
925 2425 1042 2504 ἐξίοιεν
1065 2450 1191 2515 τεκμη-

168 2538 229 2621 ρίῳ
253 2537 417 2619 χρώμενοι
440 2545 509 2609 τοῖς
527 2538 648 2615 λίθοις,
671 2534 716 2609 ὡς
738 2531 793 2597 καὶ
815 2538 977 2620 πρότερον
1001 2534 1190 2616 δεδήλωκα.

167 2641 397 2723 προνφήτευσε
416 2635 453 2703 δὲ
472 2637 526 2703 καὶ
541 2637 669 2721 Ἰησοῦς
681 2636 855 2714 Μωυσέως
869 2642 1039 2724 παρόντος.
1072 2637 1191 2725 <312>

168 2748 279 2811 ἔπειτα
296 2742 399 2810 πάνθ’
423 2745 484 2809 ὅσα
502 2745 679 2826 πονήσειεν
702 2739 785 2829 ὑπὲρ
809 2751 866 2825 τής
889 2755 949 2810 τοῦ
972 2750 1055 2810 λαοῦ
1079 2760 1189 2831 σωτη-

168 2856 242 2931 ρίας
264 2854 300 2918 ἔν
322 2874 356 2917 τε
379 2847 534 2933 πολέμοις
556 2846 611 2913 καὶ
633 2843 704 2913 κατ’
729 2850 878 2934 είρήνην,
900 2852 1024 2934 νόμους
1046 2871 1080 2914 τε
1104 2868 1218 2918 συν-ε

167 2957 275 3035 τιθεὶς
296 2957 352 3024 καλ
369 2960 429 3023 τὸν
446 2966 504 3041 τής
521 2959 687 3033 πολιτείας
708 2959 835 3041 κόσμον
858 2959 1080 3041 συμπορίζων,
1103 2956 1189 3023 ἀνα·

169 3066 379 3148 λογιζόμενος
397 3075 553 3148 προεῖπεν
573 3063 617 3140 ὡς
636 3064 816 3148 δηλώσειεν
840 3062 927 3151 αὐτῷ
952 3065 989 3128 τὸ
1012 3069 1108 3128 θεῖον
1135 3065 1189 3130 ότι

168 3170 375 3255 παραβάντες
396 3173 457 3255 τήν
479 3173 562 3256 πρὸς
591 3170 693 3235 αὐτὸν
716 3173 899 3255 θρησκείαν
922 3171 1188 3255 πειραθήσονται

169 3284 295 3360 κακῶν,
327 3276 436 3360 <313>
460 3277 504 3354 ὡς
532 3277 644 3341 ὅπλων
672 3273 699 3340 τ’
728 3276 841 3353 αὐτοῖς
862 3279 1030 3360 πολεμίων
1052 3279 1189 3360 πληρω-

241 3421 256 3481 5
277 3421 327 3471 309
344 3441 376 3462 ε
391 3415 503 3470 Denter.
523 3415 613 3468 XXIX
633 3421 673 3470 10.
747 3420 761 3480 ξ
777 3422 827 3468 311
845 3440 878 3459 =
892 3413 975 3467 Num.
994 3412 1110 3467 XXVIII
1130 3432 1188 3483 sq.3

151 3504 273 3562 XXVII
288 3512 329 3564 18.
407 3510 422 3576 5
443 3509 495 3564 312
512 3532 546 3554 ι-
560 3504 677 3562 Βουλεε.
693 3501 817 3557 XXVIII
832 3507 882 3563 Ur,
902 3501 987 3552 m
1001 3508 1048 3551 Υι.
