2460 3848
132 152 174 214 14
502 149 775 202 Αεωοτοττεε

130 311 185 378 καὶ
215 313 336 378 αὐτόθι
365 320 506 377 ποιεῖται
536 312 597 394 τήν
626 313 835 393 κατοίκησιν,
867 306 940 375 ἕνθ’
973 310 1061 398 αὐτῷ
1090 310 1145 375 καὶ

130 421 245 496 παῖδες
277 417 440 502 ἐγένοντο.
487 416 548 483 οὐκ
578 414 631 482 ἐπὶ
661 420 824 504 νουθεσίᾳ
854 413 891 481 δέ
918 418 979 500 τήν
1006 420 1145 484 κόλασιν

131 529 250 609 ἔλαβεν
268 521 340 590 ἀλλ’
359 520 409 589 ἐπ’
428 522 564 607 αὐξήσει
582 532 639 606 τῆς
657 527 781 606 κακίας,
804 522 931 607 ἡδονήν
951 520 1012 607 μὲν
1034 533 1145 590 πᾶσαν

131 629 311 715 ἐκπορίζων
342 629 445 696 αὑτοῦ
475 639 520 718 τῷ
549 631 695 714 σώματι,
726 628 789 695 κάν
816 627 891 714 μεθ’
923 629 1051 714 ὕβρεως
1078 643 1145 696 τῶν

132 739 303 802 συνόντων
322 733 380 822 δέη
399 737 522 819 ταύτην
545 738 644 821 ἔχειν,
667 737 755 820 <61>
774 736 885 814 αὔξων
908 733 945 800 δὲ
968 738 1026 802 τὸν
1050 732 1144 803 οἷκον
1171 757 1184 796 τ

131 844 252 925 πλήθει
280 842 455 927 χρημάτων
483 841 515 920 ἐξ
544 841 691 928 ἁρπαγῆς
718 841 773 908 καὶ
796 846 884 926 βίας,
911 845 994 928 πρὸς
1016 842 1144 928 ήδονήν

131 946 186 1013 καὶ
209 951 363 1034 λῃστείαν
385 951 462 1025 τοὺς
482 948 742 1035 ἐντυγχάνοντας
764 954 964 1034 παρακαλῶν
988 949 1145 1015 διδάσκα-

132 1059 188 1132 λος
211 1054 322 1132 αὐτοῖς
344 1066 500 1141 πονηρῶν
523 1055 669 1141 ὑπῆρχεν
693 1056 970 1140 ἐπιτηδευμάτων.
1006 1054 1061 1121 καλ
1083 1058 1144 1140 τήν

132 1160 391 1246 ἀπραγμοσύνην
423 1160 502 1245 μέν,
534 1156 555 1248 ᾖ
587 1167 751 1248 πρότερον
781 1161 926 1242 συνέζων
958 1164 1144 1247 ἅνθρωποι,

131 1266 260 1353 μέτρων
291 1267 420 1355 ἐπινοίᾳ
449 1268 503 1333 καὶ
534 1276 692 1354 σταθμῶν
722 1272 956 1353 μετεστήσατο,
988 1266 1144 1354 ἀκέραιον
1160 1291 1185 1330 ιο

132 1373 244 1450 αὐτοῖς
271 1375 351 1439 όντα
379 1376 437 1441 τὸν
464 1378 541 1459 βίον
569 1375 606 1441 ἐκ
628 1385 685 1460 τῆς
712 1376 839 1441 τούτων
862 1375 1007 1459 ἀμαθίας
1029 1375 1085 1440 καλ
1107 1379 1144 1441 τὸ

131 1484 363 1566 μεγαλόψυχον
387 1483 434 1558 είς
455 1486 662 1567 πανουργίαν
684 1484 902 1567 περιαγαγών.
941 1483 1028 1566 <62>
1046 1483 1146 1568 ὅρους

131 1608 165 1650 τε
189 1596 248 1670 γῆς
270 1598 399 1673 πρῶτος
421 1591 530 1672 ἔθετο,
552 1587 606 1654 καλ
629 1592 727 1654 πόλιν
751 1588 903 1673 ἐδείματο
926 1586 981 1654 καὶ
1004 1591 1145 1673 τείχεσιν

132 1691 326 1779 ὠχύρωσεν,
348 1697 395 1771 είς
407 1695 508 1761 ταὺτὸ
523 1699 701 1759 συνελθεῖν
719 1697 798 1771 τοὺς
820 1696 962 1770 οἰκείους
984 1717 1145 1778 καταναγ-

131 1799 242 1876 κάσας.
283 1798 337 1865 καὶ
364 1802 425 1884 τήν
451 1804 550 1866 πόλιν
579 1798 616 1866 δὲ
647 1802 769 1883 ταύτην
801 1799 865 1866 ἀπὸ
890 1797 1055 1886 Ἀνώχου,
1083 1811 1144 1866 τοῦ
1160 1820 1184 1860 1⁵

131 1905 357 1987 πρεσβυτάτου
380 1906 510 1989 παιδός,
530 1902 676 1992 Ἀνώχαν
695 1906 858 1972 ἐκάλεσεν.
896 1906 982 1990 <63>
998 1903 1144 1992 Ἀνώχου

132 2006 169 2073 δὲ
189 2006 333 2096 Ἰαράδης
346 2012 419 2088 υίὸς
433 2008 488 2095 ἦν·
512 2011 548 2076 ἐκ
568 2009 605 2077 δέ
623 2015 742 2079 τούτου
760 2014 975 2099 Μαρούηλος,
998 2008 1039 2078 οὗ
1057 2017 1145 2095 γίνε-

130 2141 183 2182 ται
218 2129 295 2195 παῖς
324 2120 568 2196 Μαθουσάλας·
606 2130 666 2186 τοῦ
698 2116 736 2183 δέ
763 2120 935 2205 Λάμεχος,
971 2113 997 2207 ᾧ
1029 2121 1145 2197 παῖδες

130 2224 279 2312 ὑπῆρξαν
299 2222 378 2290 ἑπτά
397 2224 452 2290 καὶ
472 2223 709 2311 ἐβδομήκοντα,
734 2226 849 2292 ἐκδύο
868 2238 1036 2308 γυναικῶν
1054 2227 1143 2314 αὐτῷ

131 2331 265 2413 φύντες,
283 2336 411 2408 Σελλᾶς
429 2330 484 2396 καὶ
504 2329 608 2409 Ἀδῶς.
646 2333 733 2415 <64>
753 2334 881 2398 τούτων
901 2329 1054 2416 Ἰώβηλος
1072 2331 1145 2417 με’ν,
1159 2351 1185 2391 2⁰

131 2434 164 2512 ἐξ
194 2432 290 2512 Ἀδᾶς
321 2439 486 2520 γεγονώς,
518 2439 641 2521 σκηνὰς
678 2437 816 2522 ἐπήξατο
853 2436 908 2502 καὶ
944 2442 1144 2525 προβατείαν

131 2540 314 2624 ἠγάπησεν,
339 2539 507 2626 Ἰούβαλος
529 2541 582 2627 δέ,
605 2543 803 2628 ὁμομήτριος
826 2544 873 2609 ὢν
897 2545 1002 2633 αὐτῷ,
1029 2562 1144 2628 μουσι-

131 2647 193 2729 κήν
211 2649 333 2730 ήσκησε
352 2647 406 2713 καλ
424 2652 588 2734 ψαλτήρια
607 2648 661 2714 καὶ
680 2651 820 2737 κιθάρας
839 2649 1004 2734 ἐπενόησε.
1042 2655 1144 2735 Θόβε-

131 2760 188 2832 λος
217 2751 255 2819 δὲ
285 2766 351 2820 τῶν
384 2755 419 2821 ἐκ
447 2766 504 2840 τῆς
531 2754 642 2841 ἑτέρας
670 2761 877 2840 γεγονότων,
910 2759 1001 2842 ίσχύί
1021 2758 1145 2835 πάντας

131 2862 361 2949 ὑπερβάλλων,
384 2863 422 2926 τὰ
435 2865 595 2946 πολεμικὰ
611 2865 796 2948 διαπρεπῶς
815 2869 991 2947 μετῆλθεν,
1015 2863 1050 2929 ἐκ
1069 2865 1144 2930 τού-
1158 2881 1184 2922 25

131 2993 199 3035 των
221 2968 274 3034 καλ
298 2970 337 3033 τὰ
360 2971 443 3053 πρὸς
460 2969 587 3053 ήδονήν
610 2981 670 3036 τοῦ
689 2972 838 3055 σώματος
861 2970 1041 3056 ἐκπορίζων
1067 2977 1144 3056 χαλ-

131 3080 224 3140 κείαν
247 3099 280 3140 τε
303 3087 432 3161 πρῶτος
458 3074 624 3159 ἐπενόησε.
670 3078 757 3162 <65>
779 3079 885 3163 πατήρ
917 3074 954 3142 δὲ
976 3079 1145 3161 θυγατρὸς

131 3184 309 3264 γενόμενος
323 3182 474 3267 Λάμεχος
488 3186 622 3267 Νοεμᾶς
645 3185 761 3267 ὄνομα,
785 3183 854 3250 ε’πεὶ
873 3185 912 3248 τὰ
930 3190 1009 3248 θεία
1032 3194 1145 3267 σαφῶς

133 3287 380 3371 ἐξεπιστάμενος
404 3286 490 3373 ἐώρα
514 3291 611 3372 δίκην
635 3287 753 3356 ἑαυτὸν
774 3290 938 3375 ὑφέξοντα
961 3299 1018 3373 τῆς
1041 3290 1145 3365 Κάιος

132 3394 410 3478 ἀδελφοκτονίας,
447 3405 544 3460 τοῦτο
576 3408 647 3473 ταῖς
679 3393 799 3463 ἑαυτοῦ
831 3395 982 3480 γυναιξὶν
1013 3395 1145 3479 ἐποίησε
1158 3414 1186 3453 ³⁰

205 3515 405 3582 §60=Gen.
426 3516 464 3571 IV
485 3524 524 3571 17.
