2460 3848
105 158 148 222 74
474 158 748 211 APXAIOAofflz

102 330 163 386 τοῦ
191 318 221 385 δ’
249 319 469 395 ἐκτυποῦντος
496 315 551 383 καὶ
580 320 642 402 τήν
665 321 770 403 ἀλλην
799 320 895 403 ίσχὺν
919 313 1120 398 ἐντιθέντος,

102 427 250 511 εἰκάζων,
272 429 350 502 τοὺς
373 422 404 490 δ’
431 422 569 510 ἀστέρας
592 435 661 501 τοῖς
684 424 854 509 ἀδελφοῖς·
877 420 932 488 καὶ
956 423 1019 505 γάρ
1044 422 1120 486 τού·

102 556 180 609 τους
203 532 321 597 ἕνδεκα
348 527 436 596 εἶναι
457 531 609 617 καθάπερ
637 529 691 596 καὶ
714 535 793 608 τοὺς
815 527 968 612 ἀστέρας,
996 527 1061 592 ἀπό
1084 549 1120 592 τε

27 676 34 701 τ
101 637 199 720 ήλίου
222 634 277 702 καὶ
300 640 439 721 σελήνης
461 638 522 719 τήν
546 638 643 722 ἰσχὺν
667 638 903 721 λαμβάνοντας.

66 760 84 809 4
169 743 255 826 <17>
284 741 338 808 καὶ
366 743 384 808 ὁ
412 739 474 826 μὲν
499 739 654 827 Ἰάκωβος
680 744 836 827 τοιαύτην
864 741 926 806 οὐκ
953 737 1147 816 ἀσυνέτωςὸ

101 857 158 931 τής
187 851 294 927 ὅψεως
324 851 385 933 τήν
415 853 526 934 κρίσιν
559 849 734 935 ἐποιήσατο
741 900 751 934 ,
782 852 860 926 τοὺς
890 845 920 913 δ’
953 846 1121 929 ἀδελφοὺς

101 965 161 1020 τοῦ
191 952 351 1039 Ἰωσήπου
384 953 503 1041 σφόδρ’
542 954 684 1040 ἐλόπησε
716 957 755 1020 τά
789 951 1031 1040 προειρημένα,
1062 948 1120 1016 καὶ

102 1059 300 1144 διετέθησαν
328 1062 372 1138 ώς
399 1058 449 1125 ἐπ’
477 1060 639 1149 ἀλλοτρίῳ
667 1059 733 1126 τινὶ
763 1059 917 1145 μέλλοντι
939 1061 980 1124 τά
1002 1075 1119 1142 σημαι-

102 1171 227 1251 νόμενα
260 1167 316 1232 διὰ
350 1177 416 1231 τῶν
454 1166 634 1253 ὀνειράτων
667 1167 778 1250 ἀγαθὰ
810 1166 912 1250 ἕξειν,
949 1162 1020 1230 ἀλλ’
1058 1165 1120 1229 οὐκ

102 1272 249 1360 ἀδελφῷ,
271 1271 327 1337 καὶ
351 1267 398 1337 ὧν
422 1275 689 1339 συναπολαύσειν
713 1273 833 1349 αὐτοὺς
857 1275 945 1348 είκὸς
967 1267 1027 1355 ήν,
1050 1294 1119 1335 κοι-
1134 1289 1160 1328 10

101 1382 231 1455 νωνοὺς
262 1379 306 1454 ὡς
338 1386 394 1462 τής
426 1376 584 1461 γενέσεως
617 1379 704 1445 οὕτω
732 1377 787 1444 καὶ
819 1387 876 1462 τής
906 1378 1121 1460 εὐδαιμονίας

102 1482 294 1568 ἐσομένους·
321 1485 409 1568 <18>
437 1484 568 1550 ἀνελεῖν
595 1509 629 1550 τε
659 1486 853 1570 ὡρμήκεσαν
876 1487 913 1549 τὸ
937 1484 1119 1568 μειράκιον.

100 1589 156 1656 καὶ
179 1593 302 1675 ταύτην
325 1593 533 1677 κυρώσαντες
556 1595 617 1677 τήν
640 1595 780 1676 βουλήν,
803 1589 873 1656 ἐπεὶ
896 1591 936 1655 τά
958 1598 1016 1672 τής
1039 1606 1120 1672 συγ-

101 1700 239 1781 κομιδής
271 1699 383 1776 αὐτοίς
414 1697 515 1784 πέρας
542 1695 649 1784 εἶχεν,
683 1696 736 1764 ἐπὶ
764 1701 916 1781 Σικίμων
943 1694 1121 1782 τραπέντες

102 1802 206 1891 (χώρα
238 1802 267 1868 δ’
305 1803 395 1869 έστλν
432 1805 513 1887 αὕτη
547 1808 682 1888 βόσκειν
715 1803 826 1887 ἀγαθή
858 1801 1031 1887 θρέμματα
1063 1800 1121 1866 καὶ
1135 1819 1161 1860 ιε

103 1911 206 1991 νομάς
233 1906 417 1994 ἐκτρέφειν)
446 1908 566 1974 αὐτόθι
597 1921 664 1974 τῶν
694 1914 859 1993 ποιμνίων
888 1910 1120 1993 ἐπεμελοῦντο,

101 2017 146 2098 μή
170 2016 444 2100 προδηλώσαντες
461 2024 507 2101 τῷ
527 2013 625 2101 πατρὶ
648 2017 709 2099 τήν
734 2015 837 2082 ἐκεῖσε
860 2014 982 2100 ἀφιξιν.
1029 2015 1119 2097 <19>

102 2121 120 2186 ὃ
145 2118 175 2186 δ’
198 2121 262 2188 ὑπὸ
286 2130 343 2204 τής
361 2120 498 2204 ἀγνοίας
515 2119 571 2185 καὶ
593 2131 653 2187 τοῦ
677 2119 753 2207 μηδ’
776 2121 840 2186 ἀπὸ
863 2133 930 2186 τῶν
953 2124 1120 2203 ποιμνίων

101 2230 183 2312 πρὸς
202 2228 304 2293 αὐτὸν
324 2224 504 2311 ἀφικέσθαι
522 2228 596 2291 τινὰ
614 2229 673 2292 τὸν
692 2225 853 2312 περὶτῶν
876 2228 1005 2291 παίδων
1029 2225 1118 2312 αὐτῷ

101 2331 245 2417 τάληθὲς
259 2337 433 2417 σημαίνειν
451 2333 650 2417 δυνάμενον,
674 2330 954 2418 σκυθρωποτέρων
968 2333 1029 2414 τήν
1043 2329 1121 2415 περὶ
1135 2350 1163 2390 20

103 2438 213 2502 αὐτῶν
232 2440 385 2504 διάνοιαν
404 2439 582 2522 λαμβάνων
601 2438 656 2503 καὶ
674 2441 826 2526 περιδεής
849 2439 896 2502 ών
919 2436 1037 2520 πέμπει
1060 2441 1120 2502 τὸν

100 2540 260 2628 Ἰώσηπον
292 2545 339 2620 είς
370 2544 409 2608 τὰ
440 2548 577 2628 ποίμνια
609 2548 846 2629 μαθησόμενον
877 2546 917 2609 τά
944 2541 1019 2628 περὶ
1051 2555 1120 2609 τῶν

68 2649 275 2734 3ἀδελφῶν,
302 2648 357 2714 καὶ
384 2653 418 2714 τί
442 2651 615 2737 πράττοιεν
644 2661 865 2734 σημανοῦντα.
911 2651 996 2734 <20>
1020 2653 1066 2715 οδ
1081 2646 1120 2714 δέ

101 2757 161 2821 τὸν
184 2754 332 2839 ἀδελφὸν
355 2755 399 2832 ώς
421 2752 513 2838 εἶδον
536 2760 618 2842 πρὸς
642 2757 762 2832 αὐτοὺς
785 2753 985 2840 ἀφιγμένον,
1014 2756 1119 2840 ἥσθη-

103 2879 165 2927 σαν
185 2859 257 2946 μέν,
280 2858 352 2926 ἀλλ’
371 2861 431 2945 οὐχ
456 2863 499 2938 ώς
523 2860 571 2927 ἐπ’
595 2865 719 2928 οίκείου
738 2866 904 2949 παρουσίᾳ
924 2860 979 2926 καὶ
996 2863 1119 2944 πατρὸς
1134 2877 1162 2917 2⁵

103 2968 354 3050 ἀπεσταλκότος,
377 2965 450 3031 ἀλλ’
474 2969 518 3044 ώς
536 2966 585 3033 ἐπ’
610 2968 735 3054 ἐχθροῦ
757 2966 812 3032 καὶ
835 2979 906 3044 ταίς
923 2966 1037 3053 χερσὶν
1060 2968 1120 3032 αὐ-

102 3085 169 3138 τῶν
196 3074 278 3138 κατά
305 3076 404 3138 θείαν
434 3075 596 3158 βούλησιν
619 3072 883 3160 παραδοθέντος,
913 3073 1063 3160 ἀναιρεῖν
1087 3072 1115 3139 τ’

102 3181 166 3262 ήδη
190 3177 245 3243 καὶ
268 3180 312 3262 μή
335 3181 394 3244 τὸν
418 3180 454 3245 ἐν
477 3179 576 3245 ποσὶν
596 3179 845 3264 ,ὑπερβαλέσθαι
869 3183 986 3264 καιρὸν
1010 3182 1120 3266 ώρμή·

102 3300 213 3349 κεσαν.
260 3285 347 3369 <21>
371 3286 457 3352 οὕτω
482 3283 512 3350 δ’
536 3286 656 3363 αὐτοὺς
673 3284 850 3371 Ῥοόβηλος
872 3286 961 3371 ὁρῶν
985 3288 1120 3371 ἔχοντας

103 3390 122 3456 ὁ
146 3392 369 3476 πρεσβύτατος
392 3392 501 3457 αὐτῶν
524 3388 579 3456 καὶ
601 3394 684 3478 πρὸς
706 3395 767 3476 τήν
786 3392 907 3477 πρᾶξιν
929 3393 1119 3476 ώμονοηκό·
1133 3407 1161 3447 ³⁰

176 3517 191 3577 ἓ
212 3519 243 3566 17
259 3537 293 3557 ==
307 3511 375 3566 Gen.
394 3512 524 3567 XXXVII
544 3518 585 3567 10.
