2460 3848
127 126 192 192 228
495 128 769 180 ΑΡΧΑΙΟΛΟΓΙΑΣ

126 291 188 374 τὴν
215 294 323 375 μόνην
353 289 434 374 ἡμῖν
462 287 636 369 ἀξιόλογον
665 295 901 372 νομισθεῖσαν,
931 287 1153 373 ἀγαπήσομεν

126 399 186 464 τὸν
204 393 281 481 μεθ’
298 397 395 481 ὑμῶν
413 398 490 480 βίον
508 395 552 470 ώς
575 393 711 479 γαμεταὶ
735 396 900 460 διανύσαι.
944 396 1056 479 <136>
1072 395 1155 474 δέος

126 504 190 590 γὰρ
209 505 254 588 μη
272 501 328 568 καὶ
345 505 448 587 κόρον
467 509 523 583 τῆς
536 497 693 587 ἡμετέρας
709 501 839 585 ὁμιλίας
857 503 1014 586 λαβόντες
1033 500 1149 567 ἔπειθ’

126 610 284 693 ὑβρίσητε
312 605 367 672 καὶ
394 605 530 690 ἀτίμους
557 604 768 690 ἀποπέμψητε
796 608 879 692 πρὸς
908 609 986 683 τοὺς
1008 609 1151 690 γονεῖς.’

128 715 368 798 συγγινώσκειν
390 734 425 776 τε
448 721 550 778 ταῦτα
572 709 835 797 φυλαττομέναις
856 711 981 796 ἠξίουν.
1017 724 1087 779 τῶν
1114 712 1179 779 δέ

127 821 170 904 ἣν
193 820 373 903 βούλονται
394 822 506 884 πίστιν
534 819 656 885 δώσειν
685 818 958 902 ὁμολογούντων,
985 817 1041 884 καὶ
1064 823 1152 905 πρὸς

128 921 233 1010 μηδὲν
247 924 488 1007 ἀντιλεγόντων
501 924 566 990 ὑπὸ
580 934 641 990 τοῦ
655 927 738 1010 πρὸς
751 924 851 1000 αὐτοῖς
868 924 1011 1009 πάθους,
1034 926 1151 1011 <137>

128 1028 216 1096 ‘firtel
233 1028 345 1096 ταῦτα’
374 1032 501 1115 ἔφασαν
524 1030 620 1115 ’ὑμῖν
640 1029 804 1114 δέδοκται,
827 1041 896 1107 τοῖς
919 1027 949 1095 δ’
973 1033 1068 1095 ἔθεσι
1091 1031 1153 1098 καὶ

129 1146 174 1226 τρῖ
199 1140 262 1225 βίῳ
290 1139 372 1222 πρὸς
400 1138 546 1213 ἀπαντας
572 1136 814 1223 ἀλλοτριώτατα
841 1142 989 1222 χρῆσθε,
1022 1137 1068 1214 ὡς
1090 1137 1152 1204 καὶ

128 1245 186 1320 τάς
217 1244 342 1330 τροφὰς
373 1243 454 1327 ὑμῖν
487 1244 697 1328 ἰδιοτρόπους
728 1236 814 1307 εἶναι
841 1240 897 1306 καὶ
924 1245 963 1308 τὰ
986 1245 1071 1309 ποτὰ
1100 1247 1149 1329 μὴ
1165 1263 1191 1304 ιο

128 1350 225 1416 κοινὰ
243 1360 312 1427 τοῖς
331 1351 455 1433 ἀλλοις,
478 1348 605 1432 ἀνάγκη
624 1346 850 1432 βουλομένους
871 1349 952 1434 ἡμῖν
975 1361 1153 1418 συνοικεῖν

128 1454 183 1522 καὶ
204 1459 308 1533 θεοὺς
325 1460 404 1534 τοὺς
420 1454 598 1543 ἡμετέρους
616 1453 738 1540 σέβειν,
761 1452 815 1519 καὶ
839 1455 900 1520 οὐκ
922 1455 965 1520 ἀν
987 1457 1071 1522 ἀλλο
1094 1455 1152 1544 γέ-

128 1586 219 1630 νοιτο
253 1566 430 1649 τεκμήριον
456 1557 496 1645 ἧς
522 1563 610 1647 ἔχειν
635 1584 671 1626 τε
698 1570 762 1626 νῦν
791 1560 923 1636 εὐνοίας
952 1557 1034 1645 φατὲ
1064 1556 1153 1648 πρὸς

128 1669 213 1754 ἡμᾶς
239 1666 295 1733 καὶ
322 1678 380 1753 της
407 1665 565 1751 ἐσομένης
587 1667 608 1750 ἢ
631 1669 668 1732 τὸ
691 1669 769 1743 τοὺς
797 1667 918 1742 αὐτοὺς
940 1665 1020 1751 ἡμῖν
1042 1673 1152 1746 θεοὺς

128 1786 339 1862 προσκυνεῖν.
386 1773 495 1857 <138>
520 1771 682 1856 μέμψαιτο
706 1769 736 1838 δ’
764 1771 807 1837 ἀν
830 1770 942 1848 οὐδεὶς
964 1774 995 1836 εί
1016 1781 1077 1856 γῆς
1100 1777 1152 1853 είς
1167 1795 1192 1836 15

128 1881 171 1964 ἣν
203 1880 325 1966 ἀφῖχθε
357 1882 435 1954 τοὺς
468 1880 574 1955 ίδίους
605 1879 705 1962 αὐτῆς
736 1881 838 1955 θεοὺς
869 1875 1152 1964 προστρέποισθε,

129 1984 184 2052 καὶ
202 1995 303 2051 ταῦτα
321 1996 388 2052 τών
407 1982 468 2069 μὲν
486 1975 655 2071 ἡμετέρων
672 1995 796 2050 κοινῶν
816 1986 923 2049 όντων
941 1986 1024 2069 πρὸς
1041 1986 1152 2052 ἀπαν-

129 2116 197 2177 τας,
219 2102 279 2158 τοῦ
299 2089 331 2156 δ’
354 2089 516 2177 ὑμετέρου
534 2093 617 2177 πρὸς
638 2088 764 2175 μηδένα
787 2091 940 2156 τοιούτου
963 2093 1152 2175 τυγχάνον-

130 2198 209 2276 τος.’
247 2200 320 2265 δεῖν
344 2193 406 2265 οὖν
429 2199 541 2275 αὐτοῖς
559 2202 674 2283 ἔλεγον
697 2198 718 2282 ἢ
742 2197 843 2262 ταύτά
866 2207 967 2262 πᾶσιν
989 2197 1150 2280 ἡγεῖσθαι

129 2304 150 2389 ἢ
171 2310 277 2390 ζητεῖν
295 2307 401 2389 ἀλλην
420 2303 631 2389 οἰκουμένην,
655 2305 692 2370 ε’ν
710 2298 731 2390 ᾖ
750 2307 928 2388 βιώσονται
947 2306 1044 2387 μόνοι
1063 2307 1150 2372 κατὰ
1165 2326 1191 2366 εο

129 2415 208 2489 τοὺς
231 2414 339 2488 ίδίους
360 2415 493 2495 νόμους.

95 2530 111 2578 9
198 2517 307 2599 <139>
330 2519 365 2580 οἳ
386 2513 416 2580 δ’
443 2516 509 2581 ὑπὸ
532 2525 592 2581 τοῦ
614 2516 697 2599 πρὸς
719 2514 820 2589 αὐτοῖς
843 2517 963 2600 ἔρωτος
987 2515 1149 2582 κάλλιστα

130 2617 288 2702 λέγεσθαι
310 2629 413 2684 ταῦτα
435 2619 673 2702 ὑπολαβόντες,
702 2617 756 2683 καὶ
779 2621 983 2704 παραδόντες
1007 2618 1150 2701 ἑαυτοὺς

131 2727 178 2802 είς
200 2725 220 2790 ἀ
243 2726 515 2810 προυκαλοῦντο,
537 2722 728 2810 παρέβησαν
750 2726 790 2790 τά
812 2725 953 2811 πάτρια,
985 2729 1089 2804 θεούς
1111 2752 1149 2795 τε

130 2835 286 2908 πλείονας
307 2827 393 2896 εἶναι
416 2834 627 2916 νομίσαντες,
649 2830 704 2897 καὶ
726 2833 827 2897 θύειν
850 2831 962 2909 αὐτοῖς
984 2834 1066 2898 κατά
1089 2838 1150 2900 νό-
1165 2856 1192 2896 τε

132 2964 196 3024 μον
218 2941 277 3005 τὸν
305 2936 482 3024 ἐπιχώριον
509 2948 578 3014 τοῖς
604 2936 907 3025 καθιδρυσαμένοις
929 2937 1150 3026 προθέμενοι,

132 3046 272 3124 ξενικοῖς
298 3069 332 3111 τε
360 3046 533 3131 βρώμασιν
560 3046 711 3132 ἔχαιρον,
742 3042 797 3109 καὶ
825 3041 919 3110 πάντ’
948 3047 995 3121 είς
1017 3046 1148 3131 ἡδονὴν

13 3183 16 3191 ·
132 3162 199 3217 τῶν
217 3162 386 3234 γυναικών
410 3148 463 3216 ἐπὶ
485 3149 682 3217 τούναντίον
705 3142 755 3228 οἷς
778 3151 795 3217 ὁ
819 3154 921 3234 νόμος
944 3151 1054 3216 αὐτῶν
1077 3151 1149 3218 ἐκέ-

132 3261 206 3321 λευε
234 3268 407 3335 ποιοῦντες
437 3253 623 3341 διετέλουν,
655 3258 763 3340 <14Ο>
787 3258 831 3333 ώς
859 3258 914 3321 διά
937 3260 1058 3334 παντὸς
1080 3261 1147 3344 ἤδη

132 3373 192 3430 τοῦ
225 3375 366 3450 στρατοῦ
397 3367 458 3450 την
489 3368 697 3450 παρανομίαν
727 3374 847 3450 χωρεῖν
877 3374 944 3428 τών
973 3363 1060 3429 νέων
1090 3366 1193 3432 καίεο

187 3491 208 3551 β
224 3491 281 3542 136
294 3514 332 3534 =
346 3486 431 3545 Num,
450 3483 531 3543 XXV
549 3490 572 3542 2.
