2460 3848
130 170 174 237 70
427 175 704 226 ΔΡΧΔΙΟΔΟΙἾΔΣ
722 175 849 226 nm}

126 358 161 399 τε
192 334 397 401 τούντεῦθεν
428 334 466 399 έν
497 338 668 418 Βηθήλοις
694 338 819 418 ἔθυεν,
855 335 940 400 ὅπου
967 336 1145 417 τοῦνειρον

127 439 289 507 ἐθεάσατο
311 453 430 527 χωρῶν
451 443 615 525 πρότερον
637 440 691 506 ἐπὶ
714 453 771 526 τῆς
792 445 1058 525 Μεσοποταμίας.

91 564 109 612 3
196 547 307 629 <343>
326 542 544 611 έντεῦθεκδδ
560 548 689 630 προῖὼν
708 546 777 612 ἐπεὶ
796 550 878 612 κατὰ
894 550 957 631 τὴν
976 545 1145 632 Ἐφραθά-

126 677 191 735 νην
223 656 370 736 γίνεται,
399 651 521 717 ἐνθάδε
547 650 708 737 Ῥαχήλαν
737 653 773 718 ἐκ
804 665 940 720 τοκετοῦ
968 661 1145 718 θανοῦσαν

126 757 267 840 θάπτει,
299 761 408 842 μάνην
434 770 502 823 τῶν
530 771 702 842 συγγενῶν
728 771 786 843 τῆς
815 759 852 824 ἐν
878 764 1027 844 Χεβρῶνι
1050 769 1173 842 τιμῆςῡ

127 864 168 929 οὐ
186 873 363 948 τυχοῦσαν.
408 868 579 948 πενθήσας
597 862 635 930 δὲ
653 867 813 949 μεγάλως,
834 869 873 931 τὸ
892 865 925 943 ἐξ
949 866 1049 947 αὐτῆς
1070 887 1146 929 παι-

127 971 203 1035 δίον
225 969 389 1054 Βενιαμίν
411 970 545 1036 έκάλεσε
576 973 632 1037 διά
663 974 726 1055 τὴν
757 971 808 1037 ἐπ’
840 973 929 1060 αὐτῷ
961 969 1146 1054 γενομένην

127 1075 255 1159 ὀδύνην
286 1085 325 1160 τῇ
357 1080 465 1160 μητρί.
511 1077 621 1159 <344>
654 1072 747 1142 οὗτοι
777 1075 935 1161 Ἰακώβου
967 1079 1082 1152 παῖδες
1113 1077 1150 1141 οἰ

126 1182 264 1264 πάντες,
291 1183 427 1266 ἄρρενες
454 1178 516 1265 μὲν
544 1184 674 1248 δώδεκα
699 1186 821 1266 θήλεια
844 1180 881 1246 δὲ
905 1187 972 1266 μία.
1018 1184 1146 1247 τούτων

127 1288 212 1353 ὀκτὼ
245 1288 397 1371 γνήσιοι,
431 1287 466 1352 ἐκ
493 1291 594 1364 Λείας
617 1285 678 1372 μὲν
701 1287 752 1372 ἔξ,
780 1291 843 1354 δύο
866 1287 897 1352 δ’
924 1289 961 1353 ἐκ
979 1287 1147 1373 Ῥαχήλας,
1162 1307 1187 1346 ιο

127 1391 276 1479 τέτταρες
308 1391 338 1458 δ’
367 1393 402 1459 ἐκ
432 1405 499 1458 τῶν
525 1397 798 1480 θεραπαινίδων,
826 1397 888 1461 δύο
917 1394 950 1472 ἐξ
981 1392 1147 1479 ἑκατέρας,

128 1492 176 1563 ὧν
199 1497 254 1563 καὶ
276 1500 316 1563 τά
340 1500 486 1583 ὀνόματα
508 1502 643 1566 πάντων
665 1512 835 1587 προεῖπον.

73 1607 118 1672 22
195 1606 305 1688 <345>
333 1615 443 1690 παρῆν
472 1604 502 1671 δ’
536 1606 694 1673 ἐντεῦθεν
723 1605 775 1672 ἐπὶ
800 1611 959 1693 Χεβρῶνα
986 1610 1085 1671 πόλιν
1109 1606 1148 1671 ἐν

128 1716 330 1788 Χαναναίοις
347 1711 515 1797 κειμένην·
541 1713 610 1778 ἐκεῖ
626 1709 663 1777 δέ
681 1711 808 1790 Ἴσακος
830 1715 892 1796 τὴν
915 1715 1046 1777 δίαιταν
1069 1708 1146 1796 εἶχε.

126 1816 182 1883 καὶ
205 1816 328 1904 βραχέα
351 1815 412 1901 μὲν
431 1818 586 1902 ἀλληλοις
605 1822 891 1904 συνδιατρίβουσι·
915 1821 976 1903 τὴν
999 1819 1062 1904 γάρ
1080 1815 1147 1882 Ῥε-
1162 1836 1189 1876 15

127 1923 249 2008 βέκκαν
273 1921 428 2009 Ἰάκωβος
459 1927 499 1991 οὐ
530 1924 687 2019 κατέλαβε
717 1929 836 2004 ζῶσαν·
866 1928 1006 2009 θνήσκει
1031 1921 1067 1988 δὲ
1090 1922 1146 1988 καὶ

119 2028 249 2107 Ἴσακος
272 2027 341 2114 μετ’
365 2031 405 2097 οὐ
430 2035 515 2097 πολὺ
535 2041 592 2115 τῆς
614 2031 757 2117 ἀφίξεως
774 2042 834 2096 τοῦ
852 2033 942 2114 υἱοῦ,
964 2029 1019 2095 καί
1041 2040 1148 2114 ταφῆς

129 2139 244 2222 ἔτυχεν
271 2138 336 2203 ὑπὸ
363 2148 430 2203 τῶν
458 2139 587 2203 παίδων
615 2141 679 2204 σὺν
703 2147 741 2222 τῇ
765 2136 898 2220 γυναικί
922 2136 958 2201 ἐν
983 2139 1147 2220 Χεβρῶνι,

129 2246 291 2327 μνημείου
332 2254 535 2326 προγονικοῦ
577 2243 614 2308 έν
646 2244 728 2329 αὐτῇ
761 2244 983 2327 τυγχάνοντος
1025 2242 1146 2318 αὐτοῖς.

128 2349 237 2432 <346>
262 2347 392 2432 ἐγένετο
417 2345 447 2411 δ’
475 2347 639 2424 ὁἼσακος
666 2348 750 2432 ἀνὴρ
777 2349 956 2431 θεοφιλής,
989 2344 1043 2410 καὶ
1066 2368 1147 2432 προ-
1163 2366 1190 2406 εο

128 2456 222 2529 νοίας
248 2457 379 2536 πολλῆς·
397 2451 578 2535 ἠξιωμένος
604 2453 669 2518 ὑπὸ
697 2463 757 2518 τοῦ
780 2459 864 2517 θεοῦ
887 2448 955 2535 μετ’
975 2450 1147 2536 ’Ἅβραμον

128 2559 187 2623 τὸν
201 2556 336 2643 πατέρα,
359 2558 663 2642 πολυχρονιώτερος
682 2557 731 2622 δέ·
751 2559 874 2642 βιώσας
893 2559 955 2644 γάρ
975 2561 1029 2639 ἔτη
1050 2555 1147 2622 πέντε

128 2661 184 2728 καί
217 2663 422 2746 ὀγδοήκοντα
449 2664 531 2747 πρὸς
558 2675 627 2740 τοῖς
655 2660 773 2729 ἑκατὸν
800 2662 868 2748 μετ’
903 2663 1019 2748 ἀρετῆς
1043 2662 1148 2739 οὕτως

130 2768 286 2836 ἀπέθανε.
489 2776 492 2781 ’

201 2915 216 2972 β
237 2915 288 2964 343
304 2934 337 2954 π
352 2906 419 2964 Gen.
439 2908 541 2962 XXXV
561 2914 602 2962 16.
