2460 3848
537 139 696 190 ΠΕΜΠΤΗ
1061 135 1126 199 275

110 300 225 386 φράζει
248 309 351 365 ταῦτα
374 301 456 384 πρὸς
478 300 537 364 τὸν
566 301 648 364 λαὸν
668 296 812 382 Ἰησοῦς,
844 297 931 381 <43>
954 293 1010 362 καὶ
1032 295 1126 363 καλέ-

111 425 169 483 σας
193 404 386 492 Ἐλεάζαρον
413 407 472 471 τὸν
489 403 656 492 Ἰάρχιερέα
685 403 740 469 καὶ
770 407 848 480 τοὺς
878 403 914 469 ἐν
937 401 1021 468 τέλει
1044 404 1126 469 κατά

109 515 221 598 φυλην
254 511 404 597 ἐκλήρου.
450 512 571 576 τούτου
603 506 640 575 δὲ
670 512 707 577 τὸ
737 508 978 595 τετολμημένον
1007 508 1043 574 ἐκ
1070 519 1127 594 της

109 616 221 685 Ἰούδα
244 623 351 703 φυλῆς
374 619 569 700 δηλοῦντος,
592 617 673 681 κατά
699 620 862 703 φρατρίας
883 616 984 681 πάλιν
1006 616 1127 700 ταύτης

84 728 290 810 ὅπροτίθησι
317 727 376 790 τὸν
406 727 540 809 κλῆρον.
586 725 623 788 τὸ
647 719 684 787 δὲ
708 719 832 806 ἀληθὲς
859 733 920 789 τοῦ
942 724 1126 807 κακουργη-

110 855 211 915 ματος
234 827 310 915 περὶ
332 830 394 913 την
412 826 554 915 Ἀχάρου
583 827 779 912 συγγένειαν
806 830 991 915 ηὑρίσκετο.
1037 829 1125 912 <44>

109 934 180 1002 κατ’
208 937 315 1020 ἄνδρα
348 931 385 999 δὲ
416 942 473 1017 της
507 932 681 1012 ἐξετάσεως
712 933 889 1018 γινομένης
918 935 1126 1020 λαμβάνουσι

109 1045 168 1109 τὸν
191 1040 345 1126 ’Ἁχαρον
391 1038 409 1104 ὃ
437 1034 469 1104 δ’
501 1040 563 1104 ούκ
590 1041 675 1124 έχων
705 1038 842 1125 ἔξαρνος
870 1035 976 1124 εἶναι,
1009 1043 1127 1117 δεινῶς

110 1149 212 1213 αὐτὸν
235 1156 296 1212 τοῦ
314 1153 398 1213 θεοῦ
417 1144 700 1232 ἐκπεριελθόντος,
724 1147 887 1230 ὡμολόγει
909 1170 944 1212 τε
967 1148 1028 1231 τὴν
1050 1153 1126 1213 κλο-

72 1270 98 1310 10
112 1257 178 1339 πην
200 1251 256 1319 καὶ
278 1254 318 1318 τά
341 1254 451 1339 φώρια
473 1263 621 1341 παρῆγεν
639 1255 686 1330 είς
709 1251 821 1337 μέσον.
867 1251 922 1318 καὶ
945 1248 1042 1329 οὗτος
1065 1250 1126 1338 μὲν

110 1361 214 1437 εὐθύς
233 1358 423 1446 ἀναιρεθεὶς
440 1358 478 1425 ἐν
496 1358 592 1426 νυκτὶ
614 1368 719 1444 ταφῆς
740 1357 859 1443 άτίμου
882 1357 937 1424 καὶ
959 1360 1126 1448 καταδίκῳ

109 1468 299 1553 πρεπούσης
316 1466 483 1551 τυγχάνει,
502 1466 589 1549 <45>
601 1462 729 1548 Ἰησοῦς
747 1461 778 1528 δ’
797 1462 934 1546 ἁγνίσας
951 1467 1010 1530 τὸν
1030 1481 1126 1549 στρα-
1147 1480 1178 1528 15

67 1568 69 1572 ’
110 1577 169 1639 τὸν
193 1572 307 1656 ἐξῆγεν
331 1570 384 1638 ἐπὶ
407 1573 468 1656 τὴν
483 1570 609 1636 ’Ἅνναν
632 1568 749 1654 αὐτός,
770 1568 827 1635 καὶ
848 1572 968 1647 νυκτὸς
989 1571 1029 1635 τά
1051 1569 1127 1658 περὶ

110 1681 170 1763 την
193 1682 292 1744 πόλιν
320 1676 469 1765 ἐνέδραις
495 1681 695 1764 προλοχίσας
721 1677 786 1742 ὑπὸ
810 1678 869 1742 τὸν
893 1677 1021 1762 όρθρον
1044 1694 1127 1762 συμ-

70 1800 95 1840 15
110 1785 224 1868 βάλλει
254 1795 323 1860 τοῖς
349 1787 527 1868 πολεμίοις.
572 1794 639 1849 τῶν
667 1780 704 1849 δὲ
733 1784 814 1869 μετὰ
841 1783 991 1870 θράσους
1014 1783 1127 1860 αὐτοῖς

110 1891 166 1955 διδ
196 1892 257 1975 τὴν
286 1888 450 1977 προτέραν
479 1893 577 1974 νίκην
608 1889 787 1975 ἐπιόντων,
814 1891 1002 1975 ὑποχωρεῖν
1025 1907 1126 1976 προσ-

109 1996 332 2081 ποιησάμενος
363 1996 449 2062 έλκει
481 2004 526 2084 τῷ
559 1999 670 2084 τρόπῳ
702 1998 810 2086 τούτῳ
842 1997 972 2082 μακράν
1005 1997 1126 2073 αὐτοὺς

110 2111 166 2186 τῆς
188 2105 332 2186 πόλεως,
355 2102 488 2167 διώκειν
512 2100 687 2186 οἰομένους
709 2099 764 2167 καὶ
787 2103 832 2180 ώς
855 2100 907 2167 ἐπὶ
931 2105 1006 2189 νίκη
1029 2127 1126 2167 κατα-

110 2219 332 2294 φρονοῦντας·
356 2209 443 2293 <46>
459 2205 557 2273 ἔπειτ’
575 2206 783 2294 ἀναστρέψας
800 2211 861 2293 την
881 2209 1026 2292 δύναμιν
1044 2209 1126 2273 κατὰ

70 2332 96 2370 2⁰
110 2317 290 2400 πρόσωπον
317 2314 429 2391 αὐτοῖς
456 2325 547 2380 ποιεί
552 2363 561 2398 ,
589 2315 708 2399 σημεῖά
735 2337 769 2379 τε
798 2315 878 2390 δοὺς
901 2314 921 2380 δ
944 2316 1026 2400 πρὸς
1048 2316 1126 2390 τοὺς

111 2420 148 2485 ἐν
166 2431 238 2497 ταῖς
255 2419 406 2506 ἐνέδραις
424 2418 650 2504 συνετέτακτο,
673 2419 847 2496 κάκείνους
866 2417 919 2484 ἐπὶ
937 2421 998 2504 τὴν
1016 2421 1125 2506 μάχην

111 2526 327 2611 ἐξανίστησιν.
374 2530 410 2592 οἳ
430 2523 461 2591 δ’
488 2527 672 2610 εἰσεπήδων
695 2527 742 2603 είς
764 2527 826 2610 την
849 2529 960 2610 πόλιν,
982 2537 1049 2592 τῶν
1073 2528 1125 2592 έν-

110 2636 172 2699 δον
190 2631 265 2719 περὶ
283 2645 353 2711 τοῖς
370 2637 512 2719 τείχεσιν
531 2635 650 2718 όντων,
674 2632 773 2699 ἐνίων
797 2629 834 2698 δὲ
857 2631 913 2698 καὶ
936 2636 1017 2721 πρὸς
1039 2636 1125 2699 θέαν

110 2751 176 2804 τῶν
209 2740 269 2818 ἔξω
301 2742 363 2823 τὴν
395 2741 532 2824 γνώμην
563 2738 832 2827 περισπωμένων.
886 2740 972 2823 <47>
1005 2738 1060 2805 καλ
1093 2744 1128 2804 ολ

70 2860 96 2900 25
111 2843 171 2930 μὲν
194 2848 255 2929 τὴν
277 2849 377 2911 πόλιν
404 2844 511 2932 ᾕρουν
539 2844 593 2911 καὶ
615 2847 740 2922 πάντας
762 2849 841 2922 τοὺς
864 2845 1125 2930 ἐντυγχάνοντας

111 2955 269 3036 έκτεινον,
289 2949 416 3035 Ἰησοῦς
439 2948 476 3016 δὲ
499 2955 577 3029 τοὺς
594 2954 844 3036 προσελθόντας
866 2951 913 3026 είς
935 2951 993 3025 τάς
1014 2961 1124 3036 χεῖρας

110 3058 310 3142 βιασάμενος
336 3058 474 3142 φεύγειν
500 3056 660 3143 τρέπεται.
706 3058 990 3139 συνελαυνόμενοι
1020 3053 1052 3119 δ’
1080 3056 1124 3133 ὡς

110 3167 157 3241 είς
188 3163 343 3250 άκέραιον
374 3164 436 3247 την
468 3166 587 3247 πόλιν,
624 3160 694 3227 ἐπεὶ
725 3160 781 3227 καὶ
810 3163 932 3244 ταύτην
963 3159 1123 3246 ἐχομένην

111 3267 224 3355 ἑώρων
246 3268 301 3335 καὶ
324 3267 639 3354 καταπιμπραμένην
658 3269 742 3353 ὁμοῦ
766 3264 896 3351 γυναιξὶ
919 3265 974 3331 καὶ
997 3266 1124 3344 τέκνοις

70 3390 96 3428 30
110 3373 302 3461 κατέλαβον,
321 3378 377 3447 διά
395 3387 461 3441 τῶν
481 3375 593 3462 άγρών
611 3368 696 3461 ᾖσαν
716 3371 965 3458 σκεδασθέντες,
983 3373 1123 3458 άμύνειν

183 3502 197 3561 5
217 3504 251 3551 43
267 3524 300 3542 =
315 3497 366 3551 Ios.
386 3497 438 3552 VII
459 3504 499 3552 16.

911 3583 963 3637 18*
