2460 3848
72 190 140 256 230
448 190 721 243 Apmvomz

72 351 218 439 ἐχόντων
249 356 309 420 τὸν
340 355 465 438 τρόπον
496 350 654 427 πολλάκις
685 349 728 415 ἀν
757 351 821 434 ἤδη
848 347 1100 434 κεκολασμένος

72 462 177 544 ἔγνως
199 459 242 527 ἀν
264 459 327 526 ούκ
348 458 652 543 εὐπαραλογίστους
669 453 852 544 Ἑβραίους.
899 455 1011 540 (146)
1038 454 1100 541 ἐμὲ

73 564 104 631 δ’
132 567 194 633 ούκ
217 565 260 631 ἀν
283 563 474 630 ἀκόλουθον
502 554 552 640 οἷς
579 565 621 628 σι)
649 562 862 650 προστάττεις
883 573 1100 648 τυραννικῶς

73 672 200 757 λάβοις·
228 669 269 736 ού
297 670 360 755 γάρ
390 670 472 735 ἀλλο
502 692 534 734 τι
557 667 652 755 μέχρι
675 679 740 735 νῦν
763 669 783 754 ἣ
807 671 1015 756 προσχήματι
1039 673 1101 734 νό-

72 801 145 861 μιον
168 773 223 841 καὶ
241 785 301 842 τοῦ
318 783 404 842 θεοῦ
423 778 580 842 δουλείαν
605 771 667 859 μὲν
689 775 769 859 ἡμῖν
792 774 897 862 ἀρχὴν
921 771 959 840 δέ
984 785 1127 864 σαυτηῦὸ

72 891 282 967 κακουργεῖς,
314 882 560 970 ἀφαιρούμενος
588 881 674 966 ἡμᾶς
702 883 741 947 τὸ
771 880 837 965 ἡδὺ
863 878 919 947 καὶ
949 884 987 947 τὸ
1012 883 1100 947 κατὰ

72 990 131 1054 τὸν
153 990 230 1072 βίον
261 988 497 1072 αὐτεξούσιον,
528 987 632 1054 ὃτῦν
656 984 846 1073 ἐλευθέρων
869 985 939 1052 ἐστὶ
961 985 1019 1053 καὶ
1043 990 1100 1054 δε·

73 1095 198 1178 σπότην
221 1093 283 1161 οὐκ
305 1093 458 1180 έχόντοον.
504 1094 613 1176 <147>
636 1093 861 1179 χαλεπώτερος
874 1090 905 1158 δ’
923 1092 965 1159 ἀν
989 1093 1100 1172 οὕτως

73 1202 267 1283 Αἰγυπτίων
281 1199 447 1286 Ἑβραίοις
464 1199 589 1284 γένοιο,
611 1209 769 1286 τιμωρεῖν
790 1198 892 1278 ἀξιῶν
909 1200 993 1264 κατά
1016 1205 1099 1279 τοὺς

71 1309 198 1390 νόμους
220 1309 281 1392 την
304 1305 443 1373 ἑκάστου
466 1308 549 1392 πρὸς
575 1308 613 1372 τὸ
636 1303 875 1392 κεχαρισμένον
898 1305 988 1393 αὐτῷ
1013 1308 1098 1390 βού-
1113 1324 1137 1364 ιο

72 1416 179 1495 λησιυ.
224 1416 310 1479 πολὺ
339 1409 369 1477 δ’
397 1411 440 1477 ἀν
467 1414 675 1498 δικαιότερον
704 1412 803 1489 αὐτὸς
825 1414 987 1497 τιμωρίαν
1010 1411 1097 1479 ὑπο-

72 1516 202 1602 μένοις,
229 1519 269 1583 τά
301 1514 377 1603 παρ’
409 1515 558 1595 ἑκάστοις
585 1517 838 1604 ὁμολογούμενα
867 1523 974 1594 καλῶς
1004 1520 1096 1604 ἔχειν

73 1622 232 1708 ἀφανίσαι
259 1621 506 1710 προῃρημένος,
536 1622 590 1688 καὶ
619 1625 701 1689 κατά
727 1632 785 1708 τῆς
813 1622 968 1688 ἁπάντων
993 1623 1097 1709 δόξης

74 1731 213 1816 ίσχυράν
244 1731 305 1814 τὴν
337 1739 479 1796 σεαυτοῦ
507 1731 753 1807 κατεσκευακὼς
783 1728 933 1795 ἀτοπίαν.
979 1730 1095 1816 <148>

73 1835 138 1920 ἐγὼ
162 1833 192 1902 δ’
219 1835 262 1902 ἀν
285 1839 461 1922 στεροίμην
483 1837 617 1912 είκότως
640 1830 688 1902 ὧν
710 1836 840 1922 πράττοι
863 1844 945 1919 νῦν,
968 1837 1000 1900 εί
1022 1841 1096 1923 κρί-
1112 1855 1136 1896 ιε

72 1966 134 2019 νας
152 1941 262 2025 ἀγαθά
281 1951 383 2007 ταῦτα
401 1944 511 2007 ἔπειτα
529 1939 605 2028 περὶ
624 1942 735 2007 αὐτῶν
754 1942 930 2026 ὁμολογεῖν
954 1940 992 2006 ἐν
1015 1945 1095 2009 τού-

72 2072 142 2126 τοις
170 2047 354 2133 ὀκνησαιμι.
400 2049 540 2132 γύναιόν
567 2072 602 2114 τε
626 2047 775 2133 ξενικόν,
808 2049 852 2125 ὡς
875 2052 958 2134 φης,
987 2044 1095 2134 ἦγμαι

73 2150 166 2239 (παρ’
194 2153 336 2237 ἐμαυτοῦ
360 2158 424 2242 γάρ
447 2155 581 2223 ἀκούσει
605 2157 662 2232 τὰς
685 2155 764 2239 ἐμάς
786 2154 919 2240 πράξεις
942 2155 986 2231 ὡς
1008 2155 1089 2238 παρ’

74 2259 270 2346 ἐλευθέρου·
299 2259 354 2327 καὶ
382 2263 445 2347 γάρ
474 2258 553 2328 ούδέ
577 2267 697 2327 λαθεῖν
719 2258 948 2347 προυθέμην),
980 2260 1093 2346 <149>

72 2367 149 2432 θύοι
172 2389 206 2431 τε
229 2372 323 2444 θεοῖς
346 2359 396 2444 οἷς
424 2369 525 2432 θύειν
547 2392 604 2451 μοι
627 2370 807 2453 νομιξεται,
835 2369 966 2433 δίκαιοιν
988 2365 1093 2450 ἡγού-
1109 2385 1136 2426 2⁰

73 2496 172 2557 μενος
194 2473 283 2558 παρά
305 2477 439 2538 πολλῶν
462 2472 590 2561 ἐμαυτῷ
614 2474 904 2559 πραγματεύεσθαι
927 2474 988 2556 τὴν
1011 2472 1093 2559 ἀλη-

72 2584 188 2662 θειαν,
210 2577 267 2643 καὶ
290 2578 350 2662 οὐχ
373 2579 482 2664 ὥσπερ
507 2578 544 2644 ἐν
566 2580 740 2665 τυραννίδι
765 2582 838 2662 ξῆν,
865 2581 926 2664 τὴν
950 2580 1034 2663 ὅλην
1057 2578 1090 2658 ἐξ

74 2681 148 2761 ἐνὸς
176 2683 293 2749 ἐλπίδα
320 2692 379 2748 τοῦ
406 2687 484 2767 βίου
510 2687 632 2760 παντὸς
659 2684 873 2770 ἀνηρτηκότα.
919 2688 1033 2771 χαρείη
1058 2683 1085 2750 τ’

74 2789 116 2857 ἀν
139 2787 251 2867 οὐδεὶς
269 2790 472 2876 κυριώτερον
490 2790 593 2856 αὑτὸν
611 2789 686 2877 περὶ
710 2785 756 2857 ὧν
775 2791 933 2878 πράξαιμι
957 2792 1092 2876 γνώμης

73 2906 131 2980 τῆς
153 2895 231 2982 ἐμῆς
254 2894 546 2981 ἀποφαινόμενος.’
1105 2914 1133 2956 κε

39 3015 54 3064 2
139 3002 249 3087 (150)
277 3011 337 3068 τοῦ
365 2998 403 3067 δέ
431 3006 602 3088 Ζαμβρίου
629 3014 731 3069 ταῦτα
758 3002 834 3090 περὶ
865 2998 912 3070 ὧν
935 3005 1035 3081 αὐτός
1057 3003 1086 3070 τ’

72 3109 181 3191 ἠδίκει
198 3106 254 3174 καὶ
272 3120 339 3174 τῶν
358 3110 469 3175 ἀλλων
487 3104 573 3186 τινὲς
596 3111 757 3193 εἰπόντος,
781 3111 799 3176 δ
823 3106 884 3194 μέν
908 3113 985 3188 λαὸς
1007 3110 1090 3193 ἡσύ-

72 3217 147 3299 χαζε
174 3218 271 3304 φόβῳ
297 3238 332 3280 τε
359 3224 420 3280 τοῦ
448 3211 642 3299 μέλλοντος,
674 3214 810 3281 καὶτὸν
839 3215 1029 3300 νομοθέτην
1054 3215 1085 3281 δ’

73 3319 163 3405 δρῶν
196 3323 240 3406 μὴ
268 3319 449 3406 περαιτέρω
476 3322 537 3405 τὴν
565 3320 726 3387 ἀπόνοιαν
754 3321 857 3387 αὐτοῦ
884 3333 1089 3408 προαγαγεῖν

62 3425 106 3490 ἐκ
122 3436 183 3511 τῆς
200 3426 342 3516 ἀντικρύ
361 3427 522 3513 διαμάχης
543 3429 746 3509 θελήσαντα·
771 3427 879 3509 <151>
899 3431 1089 3513 περιίστατο
1104 3446 1132 3485 ³0

120 3553 372 3615 §150=Num.
393 3552 475 3614 XXV
494 3559 519 3612 ῖ.
