2460 3848
99 177 165 242 236
469 179 742 232 ffmvomz
864 161 867 168 '

99 338 223 425 ἡμέρας
245 336 597 426 συμπεπληρωμένων,
619 343 771 422 Μωυσῆς
794 335 973 422 ἐκκλησίαν
998 337 1055 404 ἐπὶ
1078 349 1121 428 τῷ

97 443 250 534 Ἰορδάνη
264 447 475 529 συναγαγών,
493 445 577 511 ὅπου
596 455 660 511 νῦν
679 449 775 522 πόλις
793 447 882 510 έστιν
898 441 1028 530 Ἀβιλή,
1048 471 1123 532 φοι-

101 558 283 639 νικόφντον
312 550 344 617 δ’
371 549 441 616 ἐστὶ
468 554 505 618 τὸ
533 556 619 639 χωρί
617 577 674 636 ον,
704 555 929 628 συνελθόντος
951 563 1015 618 τοῦ
1039 558 1123 618 λαοῦ

101 663 224 736 παντὸς
246 654 334 740 λέγει
358 657 484 723 τοιάδε·

67 779 83 830 2
169 764 279 848 <177>
307 763 443 850 άνδρες
470 775 709 850 συστρατιῶται
736 763 792 830 καὶ
819 773 877 848 τής
903 773 1031 849 μακράς
1056 790 1124 831 κοι·
1135 780 1146 821 ⁵
1199 758 1202 804 ¹

101 867 204 936 νωνοὶ
227 873 468 957 ταλαιπωρίας,
491 870 573 954 ἐπεί,
549 874 639 958 ίτρλ
663 877 733 958 θεῷ
758 871 883 936 δοκοῦν
905 872 972 954 ήδη
997 869 1122 960 nal-192

101 977 200 1061 γήραι
231 979 356 1062 χρόνου
384 977 467 1042 έτῶν
495 982 599 1043 είκοσι
625 974 726 1042 καὶ
709 979 826 1042 εκατὸν
853 975 1049 1061 ἠνυσμένου
1074 936 1127 1043 δέῖ

101 1103 140 1165 με
168 1091 229 1146 τοῦ
258 1085 315 1165 ζήν
344 1082 521 1166 ἀπελθεῖν,
553 1071 609 1148 καὶ
635 1093 702 1148 τῶν
731 1080 837 1167 πέραν
867 1093 927 1149 τοῦ
946 1081 1124 1169 Ἰορδάνου

100 1186 389 1274 πραχθησομένων
421 1188 462 1254 οὐ
493 1186 602 1272 μέλλω
632 1190 761 1272 βοηθὸς
791 1189 872 1273 ὑμῖν
901 1190 1041 1254 ἔσεσθαι
1066 1189 1126 1256 καί

103 1296 291 1382 σύμμαχος,
314 1298 526 1379 κωλυόμενος
548 1295 613 1361 ὑπὸ
636 1303 697 1360 τοῦ
720 1301 821 1379 θεοῦ,
845 1296 976 1361 δίκαιον
999 1295 1125 1380 ἡγησά-
1139 1312 1161 1353 1⁰

102 1425 169 1484 μην
188 1398 272 1485 μηδὲ
290 1411 355 1468 νῶν
376 1401 605 1485 ἐγκαταλιπεῖν
627 1401 754 1485 τούμὸν
776 1397 860 1486 ὑπὲρ
883 1410 940 1484 τής
962 1401 1125 1488 ὑμετέρας

102 1507 318 1591 εὐδαιμονίας
348 1511 547 1595 πρόθυμον,
584 1506 695 1591 <178>
725 1503 798 1571 ἀλλ’
829 1506 942 1573 ἀίδιόν
972 1505 1011 1573 θ’
1042 1509 1125 1593 ὑμῖν

102 1614 420 1698 πραγματεύσασθαι
438 1615 500 1696 τήν
518 1624 585 1679 τῶν
604 1611 744 1696 ἀγαθῶν
763 1613 949 1679 ἀπόλαυσιν
966 1613 1025 1680 καὶ
1043 1618 1125 1699 μνή-

99 1743 170 1802 μην
193 1717 340 1804 έμαυτῷ,
363 1717 554 1802 γενομένων
577 1720 672 1804 ὑμῶν
695 1719 732 1785 έν
754 1719 906 1807 ἀφθονία
928 1731 995 1785 τῶν
1019 1745 1125 1805 κρειτ-

103 1827 221 1890 τόνων.
266 1822 376 1907 <179>
398 1822 472 1908 φέρ’
500 1819 563 1890 οὖν
585 1824 795 1911 ὑποθέμενος
819 1825 859 1891 δν
881 1829 1007 1912 τρόπον
1030 1828 1126 1912 ὑμεῖς
1139 1843 1162 1885 1⁶

104 1928 131 1995 τ’
155 1929 197 1996 ἀν
220 1929 493 2013 εὐδαιμονήσαιτε
512 1929 567 1996 καὶ
585 1930 681 1997 παισὶ
698 1944 768 2009 τοῖς
786 1933 896 1998 αὐτῶν
914 1937 1126 2000 καταλίποιτε

104 2045 220 2119 κτῆσιν
250 2034 388 2118 ἀγαθῶν
417 2034 546 2119 ἀίδιον,
571 2036 676 2113 οὕτως
706 2036 841 2102 ἀπέλθω
865 2047 925 2104 τοῦ
948 2040 1036 2123 βίου.
1073 2062 1126 2105 πι-

104 2143 281 2207 στεύεσθαι
300 2138 330 2206 δ’
349 2140 440 2221 άξιός
458 2144 524 2228 είμι
543 2144 599 2208 διά
617 2167 652 2208 τε
670 2144 728 2220 τάς
746 2147 908 2231 πρότερον
926 2141 1010 2228 ὑπὲρ
1029 2146 1126 2230 ὑμῶν

104 2252 293 2332 φιλοτιμίας
311 2247 366 2314 καὶ
385 2251 441 2315 διά
460 2252 498 2315 τὸ
516 2251 574 2327 τὰς
592 2251 700 2336 ψυχάς
718 2249 772 2314 ἐπὶ
790 2255 924 2335 τελευτή
947 2250 1127 2336 γινομένας

105 2351 173 2438 μετ’
201 2352 318 2439 ἀρετής
340 2356 446 2439 πάσης
469 2356 607 2440 ὁμιλεῖν.
1138 2376 1162 2418 20

172 2455 331 2544 <180>o⁷2
359 2462 474 2538 παῖδες
493 2460 685 2548 Ἰσραήλου,
718 2465 776 2546 μία
803 2448 904 2528 πᾶσιν
932 2462 1127 2550 ἀνθρώποις

105 2565 245 2648 ἀγαθῶν
279 2567 423 2649 κτήσεως
462 2591 482 2630 α
484 2569 570 2650 ίτίας
606 2570 686 2644 θεὸς
727 2569 883 2653 εὐμενής·
921 2572 1024 2654 μόνος
1060 2573 1125 2656 γάρ

107 2666 204 2747 οὗτος
240 2672 363 2736 δοῦναί
390 2695 425 2737 τε
462 2682 564 2738 ταῦτα
599 2685 669 2750 τοις
709 2672 812 2753 ἀξίοις
846 2674 902 2741 καὶ
938 2674 1126 2760 ἀφελέσθαι

106 2787 172 2842 τῶν
203 2774 460 2863 ἁμαρτανόντων
492 2780 539 2855 είς
572 2779 674 2845 αὐτὸν
703 2781 879 2868 ίκανός,
868 2774 894 2844 ὧ
926 2780 1127 2867 παρέχοντες

109 2880 245 2960 ἑαυτοὺς
273 2883 365 2960 οιους
392 2883 491 2960 αὐτός
517 2908 552 2949 τε
580 2887 735 2969 βούλεται
761 2886 852 2970 κάγὼ
880 2889 941 2970 τήν
969 2888 1126 2955 διάνοιαν
1140 2907 1165 2948 25

109 2989 213 3056 αὐτοῦ
245 2994 357 3075 σαφῶς
391 2988 642 3075 ἐξεπιστάμενος
668 3005 837 3079 παραινῶ,
870 2994 931 3058 οὐκ
960 2993 1002 3059 ἀν
1033 2996 1128 3073 ὄντες

109 3093 305 3182 μακαριστοὶ
321 3093 377 3160 καὶ
398 3095 536 3178 ζηλωτοὶ
553 3107 656 3164 πᾶσιν
676 3098 887 3184 [ἀτυχήσαιτέ
898 3096 970 3165 ποτ’
988 3099 1023 3184 ή]
1042 3103 1127 3166 παύ-

109 3208 244 3283 σαισθε,
267 3199 338 3267 ἀλλ’
367 3195 414 3267 ὧν
441 3225 475 3266 τε
499 3212 563 3269 νῦν
591 3205 672 3288 ὑμῖν
695 3207 784 3271 έστιν
808 3205 947 3289 ἀγαθῶν
969 3206 990 3288 ή
1013 3217 1128 3290 κτῆσις

107 3308 225 3388 βεβαία
249 3319 352 3392 μενεῑ,
374 3320 441 3374 τῶν
465 3307 492 3374 τ’
519 3309 674 3376 ἀπόντων
696 3323 828 3396 ταχείαν
851 3311 936 3389 ἕξετε
959 3313 1020 3396 τήν
1043 3335 1127 3399 παρ-

102 3416 234 3480 ουσιαν.
282 3414 392 3500 <181>
415 3419 520 3500 μόνον
548 3408 598 3494 οἷς
624 3417 709 3500 ὑμᾶς
732 3417 750 3483 ὁ
773 3419 853 3495 θεὸς
875 3420 1030 3501 βούλεται
1053 3418 1127 3484 έπε-
1141 3439 1168 3480 ιο

160 3542 179 3605 ἕ
198 3542 258 3596 177
274 3567 308 3588 =
322 3539 443 3600 Denter.
464 3541 559 3602 XXXI
575 3547 602 3598 θ.
677 3544 693 3606 ξ
713 3543 766 3592 m]
781 3536 996 3588 -εθεοῶεῑᾛ
1016 3544 1065 3588 θῶ.
