2460 3848
117 147 140 210 4
488 143 762 197 APXAIOAOPIAz

118 309 328 395 γραμμάτων.
383 308 448 390 <6>
479 307 543 390 ἤδη
580 301 642 390 μέν
678 299 741 370 οὖν
777 301 833 369 καὶ
867 306 1029 389 πρότερον
1067 303 1137 368 διε-

120 418 265 501 νοήθην,
294 415 347 480 ὅτε
371 416 429 478 τὸν
452 416 598 497 πόλεμον
621 409 849 496 συνέγραφον,
877 411 1024 494 δηλῶσαι
1047 412 1137 486 τίνες

120 524 212 598 ὄντες
239 520 272 598 ἐξ
302 519 403 604 ἀρχῆς
426 515 584 584 Ἰουδαῖοι
610 514 666 582 καί
688 520 755 582 τίσι
784 515 987 601 χρησάμενοι
1009 514 1136 600 τύχαις,

118 623 177 711 ὑφ’
204 627 263 714 οἵφ
287 648 322 690 τε
344 622 582 700 παιδευθέντες
604 621 771 709 νομοθέτῃ
795 623 834 687 τά
855 624 939 707 πρὸς
961 619 1137 705 εὐσέβειαν

118 731 174 798 καί
204 733 265 814 τὴν
295 731 400 814 άλλην
428 731 568 814 άσκησιν
599 727 732 814 άρετῆς,
759 731 885 804 πόσους
911 750 945 792 τε
968 725 1164 811 πολέμουςε

119 837 156 903 ἐν
180 848 318 923 μακροῖς
340 839 585 921 πολεμήσαντες
613 839 766 921 χρόνοις,
794 837 841 912 είς
863 836 922 900 τὸν
944 839 1137 900 τελευταῖον

119 945 255 1019 άκοντες
272 944 355 1027 πρὸς
368 940 549 1027 Ῥωμαίους
562 939 772 1024 κατέστησαν.
806 941 871 1024 <7>
886 936 958 1005 ἀλλ’
977 938 1047 1005 ἐπεὶ
1066 943 1138 1025 μεί-

120 1052 184 1128 ζων
207 1045 250 1132 ἦν
272 1049 293 1132 ἡ
312 1049 410 1114 τοῦδε
428 1058 489 1114 τοῦ
508 1051 611 1131 λόγον
633 1049 804 1133 περιβολή,
826 1043 899 1112 καθ’
927 1045 1029 1112 αὑτὸν
1054 1045 1138 1111 έκεῖ-

118 1179 182 1221 νον
200 1158 344 1241 χωρίσας
361 1167 432 1232 ταῖς
451 1156 551 1231 ἰδίαις
568 1153 683 1239 ἀρχαῖς
701 1153 805 1219 αὐτοῦ
822 1151 878 1218 καὶ
897 1161 942 1240 τῷ
965 1150 1051 1217 τέλει
1073 1154 1137 1236 τὴν

120 1264 253 1348 γραφὴν
273 1259 507 1346 συνεμέτρησα.
545 1263 669 1345 χρόνον
684 1255 721 1324 δέ
734 1263 921 1345 προιόντος,
945 1260 1026 1345 ὅπερ
1044 1264 1140 1344 φιλεῖ
1152 1280 1180 1320 ιο

119 1378 189 1444 τοῖς
213 1367 365 1451 μεγάλων
393 1368 555 1431 ἅπτεσθαι
579 1364 846 1450 διανοουμένοις,
876 1369 974 1444 όκνος
1000 1391 1057 1451 μοι
1080 1365 1137 1432 καὶ

121 1471 276 1558 μέλλησις
299 1472 426 1556 ἐγίνετο
450 1472 649 1556 τηλικαύτην
671 1483 878 1556 μετενεγκεῖν
900 1473 1065 1540 ὑπόδεσιν
1089 1476 1138 1550 είς

121 1579 314 1664 ἀλλοδαπὴν
336 1580 416 1664 ἡμῖν
439 1578 494 1645 καὶ
518 1576 613 1663 ξένης
636 1577 809 1645 διαλέκτου
833 1582 1027 1664 συνήθειαν.
1069 1579 1136 1664 <8>

120 1682 206 1770 ἦσαν
236 1685 276 1752 δέ
303 1710 391 1765 τινες
419 1691 453 1753 οἳ
480 1690 578 1776 πόθῳ
609 1695 665 1770 της
695 1687 841 1769 ίστορίας
873 1682 925 1751 ἐπ’
959 1686 1063 1768 αὐτήν
1096 1709 1136 1770 με

119 1795 341 1878 προύτρεπον,
354 1791 410 1858 καὶ
423 1793 565 1877 μάλιστα
580 1793 622 1875 δὴ
636 1792 771 1858 πάντων
786 1789 1036 1877 Ἐπαφρόδιτος,
1050 1791 1135 1877 ἀνὴρ
1152 1810 1179 1850 15

120 1899 252 1961 ἅπασαν
275 1893 337 1978 μὲν
356 1895 449 1961 ίδέαν
467 1899 618 1971 παιδείας
639 1897 826 1982 ἠγαπηκώς,
850 1899 1074 1984 διαφερόντως
1098 1894 1136 1963 δὲ

121 2006 246 2088 χαίρων
277 2000 458 2086 ἐμπειρίαις
487 2000 707 2087 πραγμάτων,
737 2005 792 2068 άτε
820 2005 862 2086 δὴ
890 2003 1044 2087 μεγάλοις
1073 2001 1136 2087 μὲν

120 2108 220 2185 αὐτὸς
243 2109 402 2193 ὁμιλήσας
423 2109 593 2194 πράγμασι
622 2106 676 2172 καὶ
699 2109 812 2193 τύχαις
834 2112 1070 2194 πολυτρόποις,
1098 2109 1135 2175 ἐν

120 2216 221 2281 ἅπασι
246 2211 284 2280 δὲ
306 2216 504 2299 θαυμαστὴν
532 2211 777 2298 ἐπιδειξάμενος
807 2215 938 2299 φύσεως
961 2217 1057 2299 ίσχὺν
1080 2213 1136 2280 καὶ

119 2325 314 2406 προαίρεσιν
344 2321 462 2406 ἀρετῆς
488 2320 735 2405 ἀμετακίνητον.
782 2323 847 2404 <9>
870 2322 976 2409 τούτῳ
1000 2321 1041 2404 δη
1065 2342 1135 2385 πει-
1150 2339 1177 2378 20

119 2429 266 2509 θόμενος
288 2427 340 2521 ιὡς
370 2425 421 2491 άεὶ
450 2435 519 2503 τοϊς
549 2428 711 2513 χρήσιμον
739 2427 759 2511 ἢ
786 2431 890 2493 καλόν
918 2450 950 2491 τι
979 2428 1135 2512 πράττειν

120 2530 319 2616 δυναμένοις
334 2537 648 2617 συμφιλοκαλοῦντι,
670 2531 725 2598 καὶ
740 2532 882 2616 ε’μαυτδν
896 2534 1136 2618 αἰσχυνόμενος

119 2641 151 2704 εί
174 2637 305 2722 δόξαιμι
325 2638 474 2727 ῥαθυμίᾳ
496 2638 598 2705 πλέον
617 2639 637 2723 ἢ
655 2648 700 2727 τῷ
724 2638 799 2724 περὶ
821 2641 861 2703 τά
883 2640 1042 2705 κάλλιστα
1064 2644 1134 2726 χαί-

120 2767 192 2829 ρειν
225 2746 339 2831 πόνφ,
371 2749 625 2831 προθυμότερον
655 2745 891 2831 ἐπερρώσθην,
924 2748 971 2810 ἐτι
1000 2745 1133 2813 κάκείνο

119 2853 202 2936 πρὸς
228 2861 298 2928 τοῖς
325 2848 509 2935 είρημένοις
537 2851 753 2935 λογισάμενος
779 2852 820 2918 οὐ
843 2849 1029 2937 παρέργως,
1058 2858 1138 2939 περί
1149 2868 1176 2909 ²⁵

119 2980 153 3022 τε
178 2969 244 3023 τῶν
263 2954 430 3042 ἡμετέρων
448 2961 636 3042 προγόνων,
660 2961 691 3022 εί
707 2959 922 3041 μεταδιδόναι
939 2970 1007 3024 τῶν
1026 2961 1135 3026 τοιού-

119 3086 187 3127 των
212 3066 356 3147 ἥθελον,
383 3061 536 3148 καὶπερὶ
564 3075 631 3127 τῶν
649 3061 834 3149 Ἑλλήνων,
862 3072 897 3130 εί
915 3088 1002 3143 τινες
1024 3067 1135 3132 αὐτῶν

67 3185 106 3251 (3)
124 3181 252 3252 γνῶναι
273 3171 313 3235 τὰ
331 3167 407 3255 παρ’
429 3171 509 3254 ἡμῖν
529 3169 748 3235 ἐσπούδασαν.
785 3171 872 3256 <10>
896 3167 997 3257 εὗρον
1019 3176 1134 3238 τοίνυν

121 3275 173 3341 ὅτι
196 3278 414 3360 Πτολεμαίων
437 3273 498 3360 μὲν
523 3277 540 3341 ὁ
565 3276 728 3360 δεύτερος,
751 3276 891 3360 μάλιστα
915 3279 956 3360 δὴ
979 3281 1135 3361 βασιλεὺς

121 3381 197 3468 περὶ
215 3384 367 3448 παιδείαν
381 3380 436 3447 καί
450 3385 590 3465 βιβλίων
609 3385 807 3466 συναγωγὴν
826 3383 1026 3468 σπουδάσας,
1050 3383 1134 3462 ἐξαι-
1148 3402 1175 3441 30

122 3487 222 3575 ρέτως
249 3488 469 3572 ἐφιλοτιμήθη
497 3489 556 3553 τὸν
583 3484 742 3572 ἡμέτερον
770 3491 877 3572 νόμον
899 3487 953 3553 καὶ
975 3491 1037 3572 τὴν
1060 3488 1130 3556 κατ’
