2460 3848
118 159 185 224 324
487 155 759 208 APXAIOAorm:

119 344 209 396 τινος
230 319 350 405 πέτρας
367 318 500 402 άυίησιν
517 317 634 400 ἡδεῖαν
656 313 711 381 καὶ
729 316 873 399 πολλήν·
899 315 994 381 ὅθεν
1022 319 1043 385 δ
1064 324 1153 404 Σαμ-

118 428 194 507 ψὼν
217 426 326 492 ἐκάλει
348 428 385 491 τὸ
408 428 530 510 χωρίον
554 424 720 506 Σιαγόνα,
747 419 803 487 καί
830 418 930 508 μέχρι
954 433 1026 489 τοῦ
1052 427 1151 512 δεῦρο

119 543 218 599 τοῦτο
240 531 376 616 λέγεται.

68 656 102 705 10
187 638 295 719 <304>
319 636 398 719 μετδ
427 631 464 698 δέ
491 636 614 719 ταύτην
641 635 702 716 τὴν
731 633 839 719 μάχην
861 636 1031 718 Σαμψὼν
1055 663 1149 704 κατα-

120 754 256 829 φρονῶν
278 752 345 805 τῶν
368 744 604 806 Παλαιστιυῶν
634 741 681 816 είς
704 739 813 818 Γάζαν
836 737 1058 828 ἀφικνεῖται,
1088 747 1168 810 αάνῖ

119 872 185 913 τινι
208 857 275 911 τῶν
293 848 508 929 καταγωγίων
532 844 685 931 διέτριβε.
730 849 896 929 μαθόντες
921 843 960 910 δὲ
986 861 1063 915 τῶν
1087 853 1148 916 Γα-

121 955 220 1031 ζαίων
248 952 283 1016 οί
312 953 468 1037 άρχουτες
494 954 556 1036 τὴν
583 951 704 1017 αὐτόθι
730 953 918 1036 παρουσίαν
948 953 1084 1039 αὐτοῦ,
1111 957 1147 1022 τὰ

119 1061 183 1145 πρὸ
202 1068 268 1122 τῶν
287 1063 402 1123 πυλῶν
422 1055 571 1144 ἐνέδραις
589 1057 910 1142 καταλαμβάνουσιν,
931 1058 1030 1138 ὅπως
1050 1061 1146 1141 ἐξιὼν

120 1165 164 1249 μὴ
197 1164 296 1251 λάθῃ.
342 1164 451 1248 <305>
475 1166 627 1248 Σαμψὼν
658 1162 698 1228 δέ
726 1163 781 1250 (οὐ
809 1163 872 1249 γάρ
902 1168 1145 1234 λανθάνουσιν

119 1269 223 1336 αὐτὸν
249 1279 351 1335 ταῦτα
379 1269 661 1355 μηχανησάμενοι)
690 1267 766 1356 περὶ
794 1278 964 1355 μεσοῦσαν
987 1274 1063 1359 ἤδη
1088 1277 1174 1359 τηου

120 1378 223 1442 νύκτα
246 1375 389 1453 ἀναστὰς
412 1376 564 1462 ἐνράσσει
587 1387 658 1452 ταῖς
675 1377 805 1460 πύλαις,
828 1375 944 1452 αὐταῖς
967 1400 1004 1442 τε
1030 1387 1145 1465 φλιαῖς

119 1482 175 1548 καὶ
194 1489 340 1568 μοχλοῖς,
363 1483 424 1567 ὅση
442 1479 470 1547 τ’
489 1485 572 1567 άλλη
591 1481 667 1568 περὶ
686 1483 800 1560 αὐταῖς
817 1477 859 1565 ἦν
879 1480 1040 1570 ξύλωσις,
1067 1487 1145 1574 ἀρά-

120 1613 219 1672 μενος
244 1589 441 1673 κατωμαδὸν
468 1589 515 1663 είς
541 1589 578 1653 τὸ
606 1584 691 1675 ὑπὲρ
715 1592 890 1674 Χεβρῶνος
920 1588 1001 1674 όρος
1025 1591 1144 1679 φέρων

120 1699 324 1779 κατατίθησι.

68 1814 100 1862 11
187 1802 295 1885 <306>
314 1799 491 1885 παρέβαινε
507 1800 537 1865 δ’
555 1803 624 1884 ἤθη
643 1802 683 1865 τά
700 1800 820 1887 πάτρια
842 1796 898 1864 καὶ
920 1800 984 1881 τὴν
1008 1805 1142 1870 οἰκείαν
1155 1820 1175 1862 1⁵

120 1909 251 1972 δίαιταν
282 1907 508 1994 παρεχάρασσε
544 1905 682 1984 ξενικῶν
712 1909 845 1991 μιμήσει
875 1904 1053 1992 ἐθισμῶν,
1088 1909 1144 1976 καί

119 2010 208 2078 τοῦτ’
231 2013 314 2099 άρχη
338 2013 425 2101 αὐτῷ
444 2023 548 2079 κακοῦ
567 2017 700 2096 γίνεται.
746 2014 903 2095 γυναικὸς
924 2011 989 2096 γάρ
1016 2010 1143 2103 ἑταιρι-

121 2116 257 2201 ζομένης
291 2120 380 2203 παρά
411 2129 480 2196 τοῖς
512 2123 749 2194 Παλαιστιυοῖς
780 2116 952 2203 ἐρασθείς,
984 2123 1143 2207 Δαλάλης

119 2224 278 2308 τούυομα,
302 2235 408 2310 συνῆν
431 2225 526 2310 αὐτῇ,
550 2224 659 2308 <3ολ>
678 2220 733 2288 καὶ
756 2233 822 2287 τῶν
841 2226 1084 2290 Παλαισττνῶν
1109 2229 1145 2293 οί

119 2339 179 2394 τοῦ
197 2341 314 2396 κοινοῦ
332 2343 534 2418 προεστῶτες
552 2329 708 2407 ἐλθόντες
725 2331 807 2416 πρὸς
827 2328 931 2411 αὐτὴν
953 2332 1141 2399 πείθουσιν
1154 2352 1177 2392 ιι

121 2435 327 2518 ἐπαγγελίαις
359 2444 480 2519 μαθεῖν
512 2438 600 2522 παρά
632 2446 693 2501 τοῦ
720 2441 907 2520 Σαμψῶνος
933 2434 995 2516 τὴν
1023 2439 1140 2505 αἰτίαν

118 2548 176 2622 τῆς
206 2541 334 2623 ίσχύος,
361 2538 419 2624 ὑφ’
450 2537 489 2623 ἧς
511 2543 655 2625 άληπτός
677 2541 746 2606 ἐστι
769 2551 838 2617 τοῖς
861 2539 1003 2626 ἐχθροῖς.
1051 2542 1073 2626 ἣ
1098 2542 1140 2609 δὲ

118 2643 207 2726 παρά
234 2647 337 2708 πότον
363 2643 418 2709 καὶ
444 2648 602 2730 τοιαύτην
630 2649 813 2711 συνουσίαν
835 2646 1054 2730 θαυμάζουσα
1077 2651 1139 2727 τὰς

118 2748 251 2837 πράξεις
273 2750 375 2816 αὐτοῦ
398 2750 583 2835 ἐτεχνίτευε
601 2758 724 2835 μαθεῖν
746 2755 813 2817 τίνι
835 2755 946 2840 τρόπω
968 2763 1137 2820 τοσοῦτον

117 2860 256 2945 προύχει
282 2854 353 2922 κατ’
380 2855 509 2944 ἀρετήν.
556 2857 666 2941 <308>
691 2859 708 2924 ὁ
737 2854 775 2921 δέ
801 2859 952 2942 Σαμψών
980 2856 1043 2943 (ἔτι
1067 2861 1177 2947 γάρτι

117 2977 259 3048 φρονεῖν
283 2966 417 3051 ίσχυρὸς
438 2959 493 3048 ἦν)
518 2961 686 3046 ἀντηπάτα
708 2965 770 3047 τὴν
793 2967 961 3049 Δαλίληυ,
983 2964 1135 3048 φάμενος

119 3069 181 3153 ότι,
204 3074 235 3135 εί
257 3073 420 3155 κλήμασιν
443 3066 522 3134 ἑπτά
541 3070 655 3153 δεθείη
680 3069 871 3153 άμπελίνοις
893 3073 940 3134 ἐτι
963 3068 1018 3135 καὶ
1040 3093 1134 3158 περι-

117 3177 281 3241 ειλεῖσθαι
296 3174 504 3261 δυναμένοις,
522 3174 760 3263 ἀσθενέστερος
777 3175 819 3241 δν
837 3176 972 3242 πάντων
990 3176 1131 3261 γένοιτο.

119 3280 228 3362 <309>
251 3282 272 3365 ἣ
296 3278 334 3348 δέ
356 3286 428 3349 τότε
451 3278 512 3366 μὲν
534 3282 716 3368 ἡσύχασεν,
739 3282 980 3366 ἀποσημήνασα,
1001 3279 1039 3348 δέ
1061 3296 1132 3363 τοῖς

117 3387 256 3472 άρχουσι
285 3400 352 3453 τῶν
380 3392 614 3455 Παλαιστιυῶν
641 3388 793 3475 ἐνίδρυσε
822 3397 889 3452 τῶν
919 3401 1130 3473 στρατιωτῶν
1144 3410 1172 3450 εο

189 3507 425 3575 ςεοιιωωι.
445 3507 510 3562 XVI
530 3515 553 3565 1.
