2460 3848
104 158 168 222 126
472 159 746 212 Αεαιιολονιεε

101 320 281 405 ἀνήλωσεν.
327 317 386 386 εἶτ’
422 323 469 396 είς
499 321 536 384 τὸ
570 317 687 403 ἑαυτῆς
723 331 831 406 σχήμα
867 328 1122 403 μεταπεσοῦσαν

101 431 264 512 κομίζεται
285 430 444 510 Μωυσῆς.

65 553 83 599 4
169 533 278 615 <288>
301 533 320 597 δ
343 528 381 597 δὲ
400 534 555 617 βασιλεὺς
578 531 678 598 οὐδέν
701 557 733 598 τι
756 537 882 617 μᾶλλον
904 532 1012 619 τούτῳ
1036 554 1123 619 πρα-

101 637 219 724 χθέντι
249 640 526 721 καταπλήττεται,
562 637 819 725 προσοργισθεὶς
854 635 892 702 δὲ
923 636 979 702 καὶ
1010 634 1122 723 μηδὲν

102 743 190 831 αύτῷ
217 746 447 830 προχωρήσειν
474 744 577 810 είπὼν
606 743 641 810 ε’κ
668 754 725 828 τής
747 740 817 810 κατ’
844 746 1039 828 Αίγυπτίων
1062 760 1150 810 σοψῖ

102 853 181 935 φίας
211 847 267 914 καὶ
299 853 506 937 δεινότητος,
538 853 664 918 κελεύει
695 853 754 917 τὸν
782 849 835 916 ἐπὶ
862 861 928 915 τῶν
953 848 1123 937 Ἑβραίων

102 955 301 1041 τεταγμένον
329 959 493 1042 μηδεμίαν
520 959 633 1035 αύτοῖς
661 959 776 1022 άνεσιν
798 954 953 1042 παρέχειν
975 965 1037 1022 τοῦ
1060 977 1123 1022 πο-

102 1074 194 1147 νεῖν,
226 1062 309 1129 ἀλλά
336 1067 467 1130 πλείοσι
489 1076 556 1131 τῶν
578 1067 742 1151 πρότερον
764 1073 877 1139 κακοῖς
899 1062 1020 1138 αὐτοὺς
1042 1086 1123 1127 κατ-

102 1169 306 1253 αναγκάζειν.
356 1169 466 1254 <289>
496 1169 514 1236 δ
545 1167 582 1236 δὲ
605 1172 731 1257 άχυρον
760 1168 873 1245 αὐτοῖς
895 1168 1048 1254 παρέχων
1072 1170 1122 1246 είς

102 1277 163 1360 τήν
181 1279 360 1342 πλινθείαν
377 1281 551 1363 πρότερον,
575 1274 685 1344 οὐκέτι
707 1287 874 1362 παρεῖχεν,
896 1271 968 1339 ἀλλ’
994 1273 1122 1362 ἡμέρας
1137 1293 1163 1333 ιο

35 1389 44 1404 ‘
102 1377 164 1466 μὲν
196 1380 249 1447 ἐπὶ
281 1394 350 1459 τοῖς
382 1385 492 1467 ἔργοις
523 1388 745 1469 ταλαιπωρεῖν
774 1382 898 1464 ἐποίει,
929 1383 1050 1458 νυκτὸς
1083 1379 1123 1449 δὲ

104 1489 261 1572 συνάγειν
284 1492 321 1555 τὸ
345 1491 479 1576 άχυρον.
525 1488 581 1555 καὶ
605 1501 666 1556 τοῦ
690 1491 804 1555 δεινοῦ
827 1490 1042 1563 διπλασίονος
1066 1489 1132 1553 &v-

104 1618 159 1672 τος
188 1595 300 1672 αὐτοῖς
307 1645 317 1680 ,
347 1595 384 1661 ἐν
414 1598 532 1673 αίτίαις
553 1600 709 1681 Μωυσῆν
736 1592 826 1682 εἶχον
855 1595 899 1672 ὡς
920 1605 988 1659 τῶν
1012 1596 1123 1677 ἔργων

104 1701 216 1778 αὐτοῖς
244 1700 299 1767 καὶ
328 1711 385 1785 τής
414 1707 635 1789 ταλαιπωρίας
663 1699 707 1768 δι’
735 1702 863 1768 ἐκεῖνον
893 1699 1123 1787 χαλεπωτέρας

104 1806 332 1892 γεγενημένης.
377 1808 488 1892 <290>
506 1809 524 1873 δ
544 1806 574 1874 δ’
598 1811 674 1875 ούτε
692 1813 775 1896 πρὸς
796 1811 853 1886 τοῖς
876 1817 936 1873 τοῦ
960 1805 1124 1892 βασιλέως
1138 1823 1162 1863 1⁵

104 1911 240 1988 άπειλδις
263 1914 404 1996 ἔκαμνεν
427 1913 502 1978 ούτε
527 1916 609 2000 πρὸς
631 1917 688 1991 τοῖς
710 1925 776 1980 τῶν
794 1911 959 1999 Ἑβραίων
981 1912 1124 1998 μέμψεις

105 2017 270 2103 ἐνεδίδου,
288 2022 349 2102 τήν
362 2042 397 2084 τε
414 2021 525 2106 ψυχήν
543 2021 836 2107 παραστησάμενος
852 2023 934 2107 πρὸς
953 2017 1123 2105 ἑκάτερον,

105 2123 159 2190 ἐπὶ
181 2134 226 2212 τῷ
246 2137 362 2193 πονεῖν
381 2125 437 2192 καὶ
454 2137 524 2204 τοῖς
543 2130 677 2204 οἰκείοις
696 2126 878 2214 ἐκπορίζειν
900 2128 962 2211 τήν
985 2107 1122 2192 ἐλευθε-

105 2235 182 2319 ρίαν
191 2233 325 2319 ύπήρχε.
362 2234 473 2318 <291>
482 2233 537 2299 καὶ
546 2237 815 2321 παραγενόμενος
823 2236 906 2320 πρὸς
915 2235 974 2298 τὸν
983 2231 1124 2316 βασιλέα

105 2339 239 2403 ἔπειθεν
258 2338 361 2405 αὐτὸν
380 2338 538 2404 ἀπολύειν
556 2342 635 2416 τοὺς
652 2337 827 2425 Ἑβραίους
850 2337 903 2404 ἐπὶ
925 2341 963 2404 τὸ
978 2343 1124 2405 Σιναῖον
1137 2356 1165 2396 2⁰

106 2445 198 2526 ὄρος,
226 2441 295 2507 ἐκεῖ
320 2445 489 2520 θύσοντας
515 2454 560 2531 τῷ
589 2451 659 2530 θεῷ
685 2446 796 2526 (τοῦτο
820 2446 883 2530 γάρ
906 2445 1008 2510 αύτὸν
1031 2468 1123 2510 κεκε-

105 2544 290 2632 λευκέναι),
319 2547 375 2613 καὶ
402 2546 508 2634 μηδὲν
531 2548 762 2635 ἀντιπράττειν
784 2543 835 2626 οἷς
857 2551 982 2628 ἐκεῖνος
1004 2553 1123 2635 βούλε-

105 2675 174 2736 ται,
201 2652 262 2735 τήν
287 2651 317 2718 δ’
344 2652 518 2739 εὐμένειαν
545 2655 649 2720 αὐτοῦ
678 2653 753 2741 περὶ
775 2659 898 2734 παντὸς
919 2658 1123 2741 ποιούμενον

106 2768 291 2844 συγχωρεῖν
323 2759 436 2838 αὐτοῖς
461 2762 523 2845 τήν
551 2761 689 2845 ἔξοδον,
716 2763 760 2847 μή
789 2759 844 2828 καὶ
870 2763 963 2849 μάθῃ
993 2764 1123 2829 τούτων

106 2866 254 2949 κωλυτὴς
284 2869 464 2950 γενόμενος
496 2867 598 2934 αὑτὸν
626 2868 859 2952 αἰτιάσασθαι,
890 2869 1026 2954 πάσχων
1059 2869 1123 2934 ὅσα
1137 2885 1164 2925 2⁵

106 2979 229 3039 παθεῖν
260 2973 348 3048 είκὸς
378 2974 437 3039 τὸν
468 2971 729 3060 ἀντιπράττοντα
759 2982 845 3041 θεοῦ
877 2975 1122 3063 προστάγμασι·

106 3081 217 3163 <292>
243 3091 312 3155 τοῖς
341 3079 404 3165 γάρ
433 3081 535 3164 χόλον
565 3078 618 3163 ἐφ’
646 3081 768 3157 αύτούς
789 3084 944 3164 κινήσασι
967 3088 1065 3147 θεῖον
1088 3081 1121 3159 ἐξ

107 3183 262 3251 ἁπάντων
284 3186 432 3269 φύεσθαι
454 3186 494 3249 τὰ
518 3186 627 3269 δεινά,
650 3184 705 3250 καὶ
728 3188 805 3252 ούτε
828 3197 869 3272 γή
892 3189 1022 3264 τούτοις
1045 3188 1123 3252 ούτε

107 3288 170 3375 άήρ
193 3292 291 3373 φίλος
309 3292 385 3356 ούτε
403 3289 502 3374 γοναὶ
524 3289 649 3357 τέκνων
672 3293 754 3356 κατὰ
776 3295 893 3376 φύσιν,
915 3291 987 3359 ἀλλ’
1016 3292 1121 3380 ἐχθρά

103 3397 214 3462 πάντα
240 3394 296 3461 καὶ
323 3396 472 3483 πολέμια.
517 3399 785 3485 πειραθήσεσθαί
810 3421 844 3462 τε
867 3402 994 3465 τούτων
1017 3401 1122 3482 Αίγυ-
1136 3417 1164 3456 30

156 3523 176 3582 §
193 3525 252 3575 288
267 3546 303 3568 =
318 3520 410 3581 Exod,
433 3520 459 3580 V
478 3527 504 3584 ὃ.
580 3527 596 3593 ξ
614 3524 670 3580 290
685 3547 720 3567 =
732 3518 866 3574 1²2on
886 3525 934 3573 θλ.
