2460 3848
73 119 138 185 194
439 121 713 173 εεεειοκοειιε

70 306 146 365 νον,
169 292 271 367 τριῶν
289 287 406 367 φυλῶν
424 282 506 347 κατὰ
524 282 671 366 πλευράν
694 278 833 365 ἑκάστην
856 296 1098 366 παρασκηνου-

72 387 202 473 μένων,
225 387 302 454 ὁδοί
322 411 356 454 τε
379 389 435 453 διὰ
458 386 569 472 μέσων
592 386 776 472 ἐτέτμηντο.
822 385 877 452 καὶ
899 390 1029 472 κόσμος
1051 385 1096 474 ἦν

73 493 207 583 ἀγοράς,
224 493 359 561 καὶτῶν
373 492 598 579 πωλουμένων
616 493 754 560 ἕκαστον
773 494 810 559 έν
829 493 917 571 τάξει
937 493 1097 580 διέκειτο,

72 601 128 668 καὶ
161 598 359 686 δημιουργοὶ
389 598 504 685 τέχνης
536 599 663 683 ἀπάσης
695 599 730 665 έν
762 612 831 677 τοῖς
861 599 1097 688 ἐργαστηρίοις

72 703 169 790 ἦσαν,
192 706 310 771 οὐδενί
330 701 357 769 τ’
381 705 470 793 άλλη)
488 704 508 788 ἢ
527 708 622 771 πόλει
645 705 905 792 μετανισταμένῃ
928 706 985 772 καὶ
1011 717 1121 792 μεθ-ι
1177 694 1179 765 λ

74 808 236 897 ιθρυμένη
264 807 368 899 ἐρύκει.
406 812 515 894 <290>
537 812 577 876 τά
606 807 643 876 δέ
665 810 740 897 περὶ
767 814 828 897 την
852 814 979 896 σκηνην
1004 826 1096 900 πρῶ-

73 940 125 983 τοι
148 913 209 1000 μέν
233 919 269 983 οί
290 919 388 1003 ίερεῖς
406 929 569 1003 κατεῖχον,
592 921 702 983 ἔπειτα
726 915 756 984 δ’
784 920 819 984 οί
834 923 984 1003 Λευῖται,
1009 923 1096 987 πάν-

72 1046 125 1100 τες
148 1024 242 1101 ὄντες
265 1026 302 1090 τὸ
325 1031 454 1108 πλῆθος
476 1023 721 1110 (ἐξητάσθησαν
739 1026 802 1111 γὰρ
825 1023 881 1090 καὶ
898 1025 1009 1110 αὐτοί,
1033 1039 1095 1094 τοῦ

71 1124 133 1213 μέν
156 1130 296 1214 άρρευος
320 1130 400 1196 ὅσον
418 1132 616 1216 τριακοστὴν
635 1127 723 1216 εἶχεν
741 1131 866 1216 ἡμέραν
889 1132 1094 1221 γενόμενον)

72 1237 242 1322 δισμύριοι
265 1234 320 1301 καὶ
342 1241 516 1323 τρισχίλιοι
544 1241 627 1323 πρὸς
649 1248 717 1314 τοῖς
741 1237 945 1314 ὀκτακοσίοις
969 1238 1095 1324 ὀγδοή-
1109 1262 1133 1300 10

71 1364 182 1407 κοντα.
227 1340 283 1407 καὶ
311 1339 363 1427 ἐφ’
391 1343 471 1408 ὅσον
498 1339 560 1428 μὲν
586 1339 669 1428 ὑπὲρ
700 1345 760 1428 την
785 1345 910 1428 σκηνὴν
934 1343 1094 1430 συνέβαι-

70 1470 130 1512 νεν
163 1444 296 1512 ἑστάναι
328 1449 388 1532 την
420 1447 584 1534 νεφέλην,
616 1446 729 1533 μένειν
762 1449 873 1526 αὐτοῖς
900 1450 944 1526 ὡς
975 1449 1093 1537 έπιὸη-

71 1565 214 1639 μοῦντος
255 1554 363 1620 ἐδόκει
403 1565 463 1620 τοῦ
504 1561 607 1638 θεοῦ,
648 1544 849 1641 τρεπομένης
890 1552 927 1620 δὲ
967 1560 1095 1643 ταύτης

71 1665 338 1745 μετανίστασθαι.

138 1766 246 1849 <291>
275 1762 350 1852 εὗρε
380 1763 417 1832 δέ
444 1764 499 1832 καὶ
527 1767 674 1851 βυκάνης
700 1770 845 1852 τρόπον,
877 1766 910 1845 έξ
938 1766 1094 1857 ἀργύρου
1110 1791 1135 1831 15

71 1872 301 1957 ποιησάμενος.
330 1875 399 1937 ἔστι
413 1870 451 1938 δὲ
464 1875 607 1956 τοιαύτη.
638 1882 740 1957 μῆκος
758 1870 819 1957 μέν
839 1875 904 1959 ἔχει
923 1888 1094 1958 πηχυαῖον

72 1978 173 2067 ὀλίγῳ
193 1983 319 2062 λεῖπον,
339 1979 435 2062 στενη
456 1975 486 2044 θ’
509 1977 579 2044 έστλ
598 1977 713 2065 σῦριγξ
733 1979 838 2045 αὐλοῦ
856 1982 974 2065 βραχεῖ
985 2001 1095 2066 παχυ-

53 2082 160 2170 τέρα,
183 2081 371 2169 παρέχουσα
390 2081 423 2148 δ’
447 2079 543 2170 εὖρος
562 2083 688 2171 ἀρκοῦν
712 2083 764 2149 ἐπὶ
783 2093 828 2171 τῷ
848 2087 983 2168 στόματι
1006 2092 1094 2174 πρὸς

70 2189 242 2274 ὑποδοχὴν
264 2193 461 2277 πνεύματος,
484 2193 531 2267 είς
553 2193 694 2257 κώδωνα
716 2202 787 2267 ταῖς
810 2190 961 2274 σάλπιγξι
984 2213 1095 2280 παρα-

71 2299 217 2378 πλησίως
244 2303 375 2364 τελοῦν·
405 2297 539 2384 ἀσωσρά
567 2302 712 2363 καλεῖται
739 2298 821 2361 κατὰ
844 2299 904 2381 την
923 2295 1092 2383 Ἑβραίων
1107 2322 1133 2361 ιο

71 2405 228 2483 γλῶτταν.
275 2404 383 2487 <292>
410 2407 559 2486 γίνονται
587 2399 624 2467 δὲ
652 2404 730 2486 δύο,
757 2400 812 2467 καὶ
841 2411 880 2488 τῇ
908 2399 969 2486 μέν
993 2400 1094 2494 έτέρᾳ

6 2569 10 2576 ,
70 2509 154 2592 πρὸς
171 2505 411 2592 παρακέλευσιν
430 2507 485 2572 καὶ
504 2510 671 2592 συλλογὴν
691 2508 834 2593 ἐχρῶντο
853 2519 913 2575 τοῦ
935 2512 1093 2593 πλήθους

70 2614 117 2689 είς
148 2614 206 2690 τὰς
238 2612 418 2696 ἐκκλησίας.
463 2612 520 2677 καὶ
546 2623 606 2700 μιᾷ
633 2610 694 2697 μέν
723 2613 995 2697 ἀποσημήναντος
1019 2617 1092 2682 ἔδει

69 2721 127 2796 τὰς
159 2719 259 2804 ἀρχάς
292 2723 471 2784 συνελθεῖν
504 2717 707 2802 σκεψομένας
738 2719 814 2801 περὶ
845 2732 911 2785 τῶν
942 2722 1090 2807 οίκείωυ,

71 2821 270 2911 ἀμφοτέραις
294 2821 330 2889 δὲ
355 2832 476 2907 συνῆγε
499 2827 536 2890 τὸ
560 2830 697 2909 πλῆθος.
735 2827 844 2909 <293>
866 2836 923 2909 τῆς
946 2822 983 2891 δὲ
1008 2843 1089 2911 σκη-
1104 2851 1131 2890 ιε

72 2939 132 3012 νης
151 2929 428 3014 μετακινουμένης
446 2927 539 2995 ταῦτ’
563 2929 698 3013 ἐγίνετο.
731 2930 1004 3016 ἀποσημήναντος
1021 2935 1088 3020 γάρ

71 3037 108 3104 τὸ
136 3049 285 3123 πρῶτον,
314 3037 349 3101 οί
373 3037 461 3121 παρὰ
488 3047 558 3113 ταῖς
586 3036 761 3114 ἀνατολαῖς
784 3037 1005 3122 ἐσκηνωκότες
1027 3038 1089 3104 ἀν-

72 3144 225 3227 ίσταντο,
256 3140 311 3207 καὶ
343 3145 425 3227 πρὸς
451 3144 512 3226 την
544 3142 702 3229 δευτέραν
730 3145 765 3209 οἱ
789 3147 870 3228 πρὸς
897 3147 955 3210 τὸν
985 3148 1088 3211 νότου

70 3247 171 3331 αὐτῆς
203 3256 416 3326 καθεστῶτες.
453 3244 518 3314 εἶθ’
550 3250 570 3333 ἡ
600 3252 704 3334 σκηνὴ
733 3250 877 3334 λυομένη
907 3249 988 3335 μέση
1019 3264 1088 3317 τῶν

68 3365 260 3442 προϊουσῶν
283 3354 316 3433 ἓξ
340 3360 456 3440 φυλῶν
484 3353 648 3440 έκομίζετο
676 3353 820 3422 καὶτῶν
845 3355 1014 3441 ἑπομένων
1038 3357 1086 3436 ἐξ*
1102 3379 1131 3420 οο

133 3477 372 3544 ςιοοιιΝιοη.
393 3477 618 3544 1113931x1e.
