2460 3848
127 160 170 225 72
491 160 765 212 ΑΡΧΑΙΟΛΟΓΙΔΣ

126 319 187 406 μὲν
210 318 304 388 οὐτοι
327 322 441 399 παῖδες
464 317 565 405 ἦσαν,
590 317 744 406 Ἐλιφάζχ
775 317 812 385 δέ
835 323 984 402 γίνονται
1008 320 1143 403 γνήσιοι

126 431 241 505 παῖδες
263 425 371 511 πέντε,
394 425 543 511 Θέμανος
557 424 702 509 ’Όμανος
721 428 885 512 Σώφαρος
908 429 940 490 Γ
938 429 1065 508 όθαμος
1088 423 1144 491 καὶ

128 532 281 612 Κένεζος·
302 530 483 616 Ἀμάληκος
505 533 568 618 γάρ
592 535 697 609 νόθος
719 528 780 615 ην,
803 530 839 596 ἐκ
861 536 1029 612 παλλακῆς
1051 531 1142 619 αὐτῷ

127 640 272 722 γεγονὼς
303 639 459 721 Θαμνάης
487 639 600 721 ὄνομα.
652 638 715 720 <6>
743 632 836 702 οὐτοι
863 634 1057 725 κατῴκησαν
1087 647 1146 721 τῆς

124 741 310 827 Ἰδουμαίας
327 745 388 827 τὴν
407 747 583 828 Γοβολῖτιν
603 741 784 827 λεγομένην
806 740 861 807 καί
884 745 944 826 τὴν
968 739 1022 807 ἀπ’
1046 738 1170 826 Ἅμα-ι

46 884 47 889 1
128 853 230 933 ληκου
267 855 450 933 κληθεῖσαν
482 847 701 932 Ἀμαληκῖτιν.
747 851 853 932 πολλη
885 849 948 932 γάρ
980 847 1144 932 γενομένη

127 953 206 1020 ποτὲ
229 956 249 1039 ἡ
269 953 439 1038 Ἰδουμαία
461 958 499 1019 τό
528 978 562 1019 τε
585 956 691 1038 πάσης
714 953 815 1037 αὐτῆς
837 952 1002 1032 ἀπέσωζεν
1026 955 1145 1039 ὄνομα,

128 1059 182 1126 καὶ
210 1071 279 1138 τοῖς
305 1059 417 1146 μέρεσι
445 1062 502 1137 τάς
529 1060 592 1129 ἀπὸ
621 1073 687 1126 τῶν
715 1063 897 1145 οἰκητόρων
920 1064 1146 1146 προσηγορίας

129 1165 334 1252 διεφύλαξεν.

97 1275 118 1336 2
196 1274 259 1354 <7>
279 1269 423 1361 Ἰακώβφ
447 1269 485 1336 δὲ
508 1270 630 1356 συνέβη
655 1277 836 1358 παρελθεῖν
860 1274 907 1349 είς
930 1273 1146 1355 εὐδαιμονίας
1160 1291 1185 1330 1⁰

128 1377 269 1462 μέγεθος
296 1369 370 1443 οἷον
398 1378 459 1442 οὐκ
488 1379 577 1466 άλλφ
600 1376 666 1443 τινί
690 1377 822 1464 ῥᾳδίως.
867 1379 999 1467 πλούτῳ
1023 1401 1057 1442 τε
1081 1380 1145 1465 γάρ

127 1482 329 1570 ὑπερέβαλλε
348 1486 425 1561 τούς
443 1483 639 1569 ἐπιχωρίους
661 1482 716 1548 καὶ
738 1485 867 1548 παίδων
892 1483 1021 1568 ἀρεταῖς
1045 1487 1146 1567 ζηλω-

128 1593 183 1668 τὸς
204 1589 260 1656 καὶ
287 1594 501 1675 περίβλεπτος
523 1585 578 1673 ἦν·
603 1589 741 1667 οὐδενὸς
768 1590 831 1675 γάρ
861 1589 946 1667 ὅλως
968 1588 1146 1674 ὑστέρουν,

128 1696 212 1762 ἀλλά
235 1694 289 1763 καὶ
307 1699 389 1783 πρὸς
407 1699 487 1782 ἔργα
505 1707 625 1781 χειρῶν
648 1694 702 1761 καὶ
724 1700 839 1761 πόνων
861 1695 1035 1778 ύπομονην
1058 1691 1146 1778 ἦσαν

128 1796 269 1888 εὐψυχοί
286 1801 341 1866 καὶ
361 1799 466 1866 δεινοί
485 1799 643 1866 συνιέναι.
689 1803 753 1883 <8>
773 1803 937 1885 τοσαύτην
961 1799 991 1865 δ’
1019 1802 1084 1885 ἀρα
1107 1805 1145 1868 τὸ
1160 1821 1185 1862 15

127 1915 224 1972 θεῖον
252 1907 355 1973 αὐτοῦ
382 1911 545 1992 πρόνοιαν
573 1909 646 1990 ἔσχε
674 1906 729 1971 καὶ
756 1917 813 1991 τῆς
840 1909 1054 1992 εὐδαιμονίας
1077 1909 1146 1975 ἐπι-

128 2011 261 2097 μέλειαν
281 2014 325 2090 ὡς
342 2012 404 2078 κάκ
422 2024 489 2077 τῶν
504 2017 661 2098 λυπηρῶν
682 2012 770 2100 αὐτῷ
782 2013 951 2090 δοξάντων
965 2017 1027 2098 την
1045 2015 1147 2103 ὐπερ-

128 2122 233 2205 βολην
261 2130 327 2184 τῶν
355 2118 494 2201 ἀγαθῶν
521 2128 722 2202 παρασχεῖν,
751 2116 806 2181 καὶ
839 2129 974 2203 ποιῆσαι
1004 2128 1061 2201 τῆς
1083 2118 1143 2185 ἀπ’

128 2227 302 2309 Αίγύπτου
321 2235 387 2289 τῶν
401 2221 568 2309 ἡμετέρων
587 2226 764 2309 προγόνων
783 2223 1020 2310 ἀναχωρήσεως
1038 2233 1147 2293 αίτιον

130 2331 231 2396 αὐτόν
259 2352 293 2394 τε
325 2326 380 2394 καὶ
407 2332 484 2405 τοὺς
513 2327 546 2405 ἐξ
575 2329 678 2393 αὐτοῦ
706 2333 883 2411 γεγονότας
906 2330 969 2396 ἀπὸ
993 2333 1148 2417 τοιαύτης
1162 2350 1187 2390 ιο

130 2437 242 2511 αίτίας.
295 2435 359 2516 <9>
388 2432 549 2517 Ἰώσηπον
577 2434 613 2498 ἐκ
640 2432 796 2519 Ῥαχήλας
827 2437 1149 2522 πεπαιδοποιημένος

126 2538 280 2623 Ἰάκωβος
310 2540 366 2604 διά
397 2562 431 2603 τε
459 2541 519 2623 τὴν
546 2549 606 2604 τοῦ
634 2542 784 2624 σώματος
810 2541 981 2624 εὐγένειαν
1010 2543 1066 2609 καὶ
1090 2547 1148 2610 διά

129 2655 236 2730 ψυχῆς
254 2644 375 2730 ἀρετήν
395 2643 571 2731 (φρονήσει
586 2647 648 2732 γὰρ
664 2646 808 2733 διέφερε)
827 2659 894 2713 τῶν
913 2650 1024 2714 ἀλλων
1043 2650 1148 2718 πλέον

129 2753 214 2839 υἱῶν
228 2751 347 2835 ἠγάπα.
393 2753 478 2834 <10>
493 2753 599 2840 τούτῳ
618 2754 706 2838 παρὰ
724 2764 791 2819 τῶν
809 2753 964 2838 ἀδελφῶν
987 2757 1008 2838 II
1032 2779 1066 2820 τε
1085 2769 1147 2824 τού

128 2861 250 2944 πατρὸς
269 2860 391 2943 στοργὴ
410 2862 545 2942 φθόνον
564 2857 694 2943 ἐκίνησε
713 2858 896 2943 καὶ-μῖσος,
919 2861 940 2942 η’
964 2859 991 2926 τ’
1019 2861 1054 2926 ἐκ
1077 2875 1147 2930 τῶν
1161 2878 1187 2920 2⁵

132 2965 325 3050 ὀνειράτων,
348 2964 368 3028 ἀ
386 2965 593 3048 θεασάμενος
611 2975 656 3053 τῷ
676 2990 710 3031 τε
729 2965 828 3051 πατρὶ
842 2965 896 3031 καὶ
915 2969 1045 3044 τούτοις
1068 2968 1147 3052 ἐμή-

130 3087 243 3153 νυσεν,
261 3071 457 3154 εὐδαιμονία
475 3072 771 3156 καταγγελλομένη,
791 3074 1062 3156 ζηλοτυπούντων
1081 3076 1147 3161 ἀρα

129 3186 196 3239 τῶν
229 3175 419 3260 ἀνθρώπων
449 3176 503 3242 καί
536 3179 593 3254 τὰς
619 3190 686 3243 τῶν
716 3180 926 3244 οἰκειοτάτων
957 3180 1146 3264 εὐπραγίας.

130 3281 167 3345 αί
197 3279 230 3345 δ’
267 3283 378 3365 όψεις,
411 3283 449 3360 ἀς
480 3285 561 3349 κατά
594 3287 671 3361 τοὺς
702 3285 829 3361 ὐπνους
860 3281 948 3350 εἶδεν
977 3283 1146 3372 Ἰώσηπος,

95 3389 253 3453 κτοιαίδε
286 3383 380 3471 ἦσαν.
427 3391 513 3473 <11>
547 3388 748 3475 ἐκπεμφθεὶς
779 3393 858 3474 μετά
890 3403 957 3457 τῶν
990 3391 1145 3477 ἀδελφῶν
1160 3411 1187 3451 ιο

200 3507 381 3574 §6=Gen‚
401 3509 517 3563 XXXVI
537 3517 578 3566 11.
653 3511 835 3577 §7=Gen.
855 3511 985 3566 XXXVII
1005 3521 1028 3567 1.

266 3770 348 3786 A
