<?xml version="1.0" encoding="UTF-8"?>
<!DOCTYPE html PUBLIC "-//W3C//DTD XHTML 1.0 Transitional//EN"
    "http://www.w3.org/TR/xhtml1/DTD/xhtml1-transitional.dtd">
<html xmlns="http://www.w3.org/1999/xhtml" xml:lang="en" lang="en">
 <head>
  <title>
</title>
<meta http-equiv="Content-Type" content="text/html;charset=utf-8" />
  <meta name='ocr-system' content='tesseract 3.04.00' />
  <meta name='ocr-capabilities' content='ocr_page ocr_carea ocr_par ocr_line ocrx_word'/>
</head>
<body>
  <div class='ocr_page' id='page_1' title='image "./operaomniaposti01nabegoog_0232.png"; bbox 0 0 2460 3848; ppageno 0'>
   <div class='ocr_carea' id='block_1_1' title="bbox 64 153 740 219">
    <p class='ocr_par' dir='ltr' id='par_1_1' title="bbox 64 153 740 219">
     <span class='ocr_line' id='line_1_1' title="bbox 64 153 740 219; baseline 0 -13"><span class='ocrx_word' id='word_1_1' title='bbox 64 202 69 212; x_wconf 87' lang='grc'><em>,</em></span> <span class='ocrx_word' id='word_1_2' title='bbox 100 153 166 219; x_wconf 79' lang='lat'><em>182</em></span> <span class='ocrx_word' id='word_1_3' title='bbox 465 154 740 207; x_wconf 71' lang='grc' dir='ltr'><em>εεωοεονιιε</em></span> 
     </span>
    </p>
   </div>
   <div class='ocr_carea' id='block_1_2' title="bbox 61 311 1157 3589">
    <p class='ocr_par' dir='ltr' id='par_1_2' title="bbox 98 311 1126 615">
     <span class='ocr_line' id='line_1_2' title="bbox 99 311 1126 401; baseline 0.001 -21"><span class='ocrx_word' id='word_1_4' title='bbox 99 311 136 380; x_wconf 70' lang='grc' dir='ltr'><em>δὲ</em></span> <span class='ocrx_word' id='word_1_5' title='bbox 159 317 264 393; x_wconf 91' lang='grc' dir='ltr'><em>πόδας</em></span> <span class='ocrx_word' id='word_1_6' title='bbox 285 327 352 381; x_wconf 82' lang='grc' dir='ltr'><em>τῶν</em></span> <span class='ocrx_word' id='word_1_7' title='bbox 376 315 506 401; x_wconf 85' lang='grc' dir='ltr'><em>ίερείων</em></span> <span class='ocrx_word' id='word_1_8' title='bbox 532 313 587 380; x_wconf 82' lang='grc' dir='ltr'><em>καὶ</em></span> <span class='ocrx_word' id='word_1_9' title='bbox 609 315 650 380; x_wconf 79' lang='grc' dir='ltr'><em>τὰ</em></span> <span class='ocrx_word' id='word_1_10' title='bbox 672 315 753 380; x_wconf 83' lang='grc' dir='ltr'><em>κατὰ</em></span> <span class='ocrx_word' id='word_1_11' title='bbox 775 315 883 398; x_wconf 86' lang='grc' dir='ltr'><em>νηδδν</em></span> <span class='ocrx_word' id='word_1_12' title='bbox 907 311 1126 401; x_wconf 80' lang='grc' dir='ltr'><em>ἐκκαθήραν-</em></span> 
     </span>
     <span class='ocr_line' id='line_1_3' title="bbox 98 422 1125 508; baseline 0 -21"><span class='ocrx_word' id='word_1_13' title='bbox 98 445 150 500; x_wconf 87' lang='grc' dir='ltr'><em>τες</em></span> <span class='ocrx_word' id='word_1_14' title='bbox 178 422 322 508; x_wconf 78' lang='grc' dir='ltr'><strong><em>ἀκριβῶς</em></strong></span> <span class='ocrx_word' id='word_1_15' title='bbox 348 433 417 500; x_wconf 78' lang='grc' dir='ltr'><em>τοῖς</em></span> <span class='ocrx_word' id='word_1_16' title='bbox 444 422 558 497; x_wconf 79' lang='grc' dir='ltr'><em>ἄλλοις</em></span> <span class='ocrx_word' id='word_1_17' title='bbox 589 424 932 506; x_wconf 72' lang='grc' dir='ltr'><em>καθαγνισθησόμενα</em></span> <span class='ocrx_word' id='word_1_18' title='bbox 958 439 1125 507; x_wconf 88' lang='grc' dir='ltr'><em>προσεπι-</em></span> 
     </span>
     <span class='ocr_line' id='line_1_4' title="bbox 98 525 1122 615; baseline 0.002 -22"><span class='ocrx_word' id='word_1_19' title='bbox 98 526 255 615; x_wconf 78' lang='grc' dir='ltr'><strong><em>φέρουσι,</em></strong></span> <span class='ocrx_word' id='word_1_20' title='bbox 281 529 339 605; x_wconf 85' lang='grc' dir='ltr'><em>τδις</em></span> <span class='ocrx_word' id='word_1_21' title='bbox 362 528 463 615; x_wconf 81' lang='grc' dir='ltr'><em>δορὰς</em></span> <span class='ocrx_word' id='word_1_22' title='bbox 491 538 559 592; x_wconf 80' lang='grc' dir='ltr'><em>τῶν</em></span> <span class='ocrx_word' id='word_1_23' title='bbox 583 525 699 612; x_wconf 80' lang='grc' dir='ltr'><em>ίερέων</em></span> <span class='ocrx_word' id='word_1_24' title='bbox 722 530 973 613; x_wconf 79' lang='grc' dir='ltr'><em>λαμβανόντων.</em></span> <span class='ocrx_word' id='word_1_25' title='bbox 1022 526 1122 595; x_wconf 80' lang='grc' dir='ltr'><em>καλό</em></span> 
     </span>
    </p>

    <p class='ocr_par' dir='ltr' id='par_1_3' title="bbox 62 617 1149 1787">
     <span class='ocr_line' id='line_1_5' title="bbox 62 617 1122 720; baseline -0.003 -18"><span class='ocrx_word' id='word_1_26' title='bbox 62 617 160 720; x_wconf 24' lang='grc' dir='ltr'><em>ῦιμδν</em></span> <span class='ocrx_word' id='word_1_27' title='bbox 181 644 239 718; x_wconf 80' lang='grc' dir='ltr'><em>τῆς</em></span> <span class='ocrx_word' id='word_1_28' title='bbox 261 633 514 710; x_wconf 79' lang='grc' dir='ltr'><em>ὁλοκαυτώσεως</em></span> <span class='ocrx_word' id='word_1_29' title='bbox 535 637 657 719; x_wconf 90' lang='grc' dir='ltr'><em>τρόπος</em></span> <span class='ocrx_word' id='word_1_30' title='bbox 679 631 770 699; x_wconf 83' lang='grc' dir='ltr'><em>ἐστὶν</em></span> <span class='ocrx_word' id='word_1_31' title='bbox 793 629 900 717; x_wconf 81' lang='grc' dir='ltr'><em>οὗτος,</em></span> <span class='ocrx_word' id='word_1_32' title='bbox 928 633 1043 718; x_wconf 84' lang='lat'>&lt;228&gt;</span> <span class='ocrx_word' id='word_1_33' title='bbox 1063 636 1122 712; x_wconf 85' lang='grc' dir='ltr'><em>τδς</em></span> 
     </span>
     <span class='ocr_line' id='line_1_6' title="bbox 98 736 1142 831; baseline 0.004 -27"><span class='ocrx_word' id='word_1_34' title='bbox 98 736 136 805; x_wconf 69' lang='grc' dir='ltr'><em>δὲ</em></span> <span class='ocrx_word' id='word_1_35' title='bbox 167 742 400 825; x_wconf 78' lang='grc' dir='ltr'><em>χαριστηρίους</em></span> <span class='ocrx_word' id='word_1_36' title='bbox 425 744 547 816; x_wconf 79' lang='grc' dir='ltr'><em>θυσίας</em></span> <span class='ocrx_word' id='word_1_37' title='bbox 577 739 801 816; x_wconf 78' lang='grc' dir='ltr'><em>ἐπιτελοῦντες</em></span> <span class='ocrx_word' id='word_1_38' title='bbox 827 739 929 804; x_wconf 83' lang='grc' dir='ltr'><em>ταύτὰ</em></span> <span class='ocrx_word' id='word_1_39' title='bbox 957 736 1024 824; x_wconf 70' lang='grc' dir='ltr'><em>μὲν</em></span> <span class='ocrx_word' id='word_1_40' title='bbox 1053 745 1142 831; x_wconf 65' lang='grc' dir='ltr'><em>ζῷαΰ</em></span> 
     </span>
     <span class='ocr_line' id='line_1_7' title="bbox 96 842 1145 935; baseline 0.003 -24"><span class='ocrx_word' id='word_1_41' title='bbox 96 846 260 930; x_wconf 88' lang='grc' dir='ltr'><em>θύουσιν,</em></span> <span class='ocrx_word' id='word_1_42' title='bbox 287 845 451 935; x_wconf 81' lang='grc' dir='ltr'><em>ὁλόκληρα</em></span> <span class='ocrx_word' id='word_1_43' title='bbox 480 842 517 912; x_wconf 72' lang='grc' dir='ltr'><em>δὲ</em></span> <span class='ocrx_word' id='word_1_44' title='bbox 543 855 646 912; x_wconf 87' lang='grc' dir='ltr'><em>ταῦτα</em></span> <span class='ocrx_word' id='word_1_45' title='bbox 676 844 732 912; x_wconf 81' lang='grc' dir='ltr'><em>καὶ</em></span> <span class='ocrx_word' id='word_1_46' title='bbox 764 857 831 912; x_wconf 82' lang='grc' dir='ltr'><em>τῶν</em></span> <span class='ocrx_word' id='word_1_47' title='bbox 859 845 1017 912; x_wconf 79' lang='grc' dir='ltr'><em>ἐπετείων</em></span> <span class='ocrx_word' id='word_1_48' title='bbox 1039 869 1145 934; x_wconf 74' lang='grc' dir='ltr'><em>πρε,</em></span> 
     </span>
     <span class='ocr_line' id='line_1_8' title="bbox 98 949 1118 1037; baseline 0.003 -20"><span class='ocrx_word' id='word_1_49' title='bbox 98 952 251 1036; x_wconf 83' lang='grc' dir='ltr'><em>σβύτερα,</em></span> <span class='ocrx_word' id='word_1_50' title='bbox 274 953 399 1037; x_wconf 77' lang='grc' dir='ltr'><em>ἄρρενα</em></span> <span class='ocrx_word' id='word_1_51' title='bbox 417 949 529 1036; x_wconf 81' lang='grc' dir='ltr'><em>μέντοι</em></span> <span class='ocrx_word' id='word_1_52' title='bbox 542 955 663 1037; x_wconf 78' lang='grc' dir='ltr'><em>θήλεσι</em></span> <span class='ocrx_word' id='word_1_53' title='bbox 681 954 940 1036; x_wconf 77' lang='grc' dir='ltr'><em>συνδυαζόμενα.</em></span> <span class='ocrx_word' id='word_1_54' title='bbox 985 954 1118 1020; x_wconf 83' lang='grc' dir='ltr'><em>θύσαν-</em></span> 
     </span>
     <span class='ocr_line' id='line_1_9' title="bbox 97 1054 1118 1144; baseline 0.005 -21"><span class='ocrx_word' id='word_1_55' title='bbox 97 1082 149 1134; x_wconf 85' lang='grc' dir='ltr'><em>τες</em></span> <span class='ocrx_word' id='word_1_56' title='bbox 172 1054 209 1123; x_wconf 75' lang='grc' dir='ltr'><em>δδ</em></span> <span class='ocrx_word' id='word_1_57' title='bbox 231 1068 333 1125; x_wconf 88' lang='grc' dir='ltr'><em>ταῦτα</em></span> <span class='ocrx_word' id='word_1_58' title='bbox 351 1062 565 1143; x_wconf 87' lang='grc' dir='ltr'><em>φοινίσσουσι</em></span> <span class='ocrx_word' id='word_1_59' title='bbox 584 1055 645 1143; x_wconf 69' lang='grc' dir='ltr'><em>μὲν</em></span> <span class='ocrx_word' id='word_1_60' title='bbox 668 1059 781 1144; x_wconf 85' lang='grc' dir='ltr'><em>αἵματι</em></span> <span class='ocrx_word' id='word_1_61' title='bbox 803 1061 862 1125; x_wconf 88' lang='grc' dir='ltr'><em>τὸν</em></span> <span class='ocrx_word' id='word_1_62' title='bbox 885 1061 1015 1144; x_wconf 88' lang='grc' dir='ltr'><em>βωμόν,</em></span> <span class='ocrx_word' id='word_1_63' title='bbox 1039 1064 1118 1138; x_wconf 83' lang='grc' dir='ltr'><em>τοὺς</em></span> 
     </span>
     <span class='ocr_line' id='line_1_10' title="bbox 97 1161 1116 1250; baseline 0.002 -20"><span class='ocrx_word' id='word_1_64' title='bbox 97 1161 135 1230; x_wconf 74' lang='grc' dir='ltr'><em>δὲ</em></span> <span class='ocrx_word' id='word_1_65' title='bbox 153 1167 299 1250; x_wconf 88' lang='grc' dir='ltr'><em>νεφροὺς</em></span> <span class='ocrx_word' id='word_1_66' title='bbox 316 1162 371 1230; x_wconf 79' lang='grc' dir='ltr'><em>καὶ</em></span> <span class='ocrx_word' id='word_1_67' title='bbox 389 1167 448 1230; x_wconf 89' lang='grc' dir='ltr'><em>τὸν</em></span> <span class='ocrx_word' id='word_1_68' title='bbox 468 1164 628 1231; x_wconf 79' lang='grc' dir='ltr'><em>ἐπίπλουν</em></span> <span class='ocrx_word' id='word_1_69' title='bbox 646 1163 702 1229; x_wconf 86' lang='grc' dir='ltr'><em>καὶ</em></span> <span class='ocrx_word' id='word_1_70' title='bbox 719 1165 826 1230; x_wconf 81' lang='grc' dir='ltr'><em>πάντα</em></span> <span class='ocrx_word' id='word_1_71' title='bbox 848 1165 889 1230; x_wconf 81' lang='grc' dir='ltr'><em>τὰ</em></span> <span class='ocrx_word' id='word_1_72' title='bbox 906 1171 1029 1250; x_wconf 83' lang='grc' dir='ltr'><em>πιμελή</em></span> <span class='ocrx_word' id='word_1_73' title='bbox 1053 1169 1116 1232; x_wconf 85' lang='grc' dir='ltr'><em>σὺν</em></span> 
     </span>
     <span class='ocr_line' id='line_1_11' title="bbox 96 1268 1149 1361; baseline 0.004 -25"><span class='ocrx_word' id='word_1_74' title='bbox 96 1280 142 1361; x_wconf 91' lang='grc' dir='ltr'><em>τῷ</em></span> <span class='ocrx_word' id='word_1_75' title='bbox 171 1274 260 1358; x_wconf 88' lang='grc' dir='ltr'><em>λοβῷ</em></span> <span class='ocrx_word' id='word_1_76' title='bbox 288 1279 347 1337; x_wconf 91' lang='grc' dir='ltr'><em>τοῦ</em></span> <span class='ocrx_word' id='word_1_77' title='bbox 374 1271 498 1354; x_wconf 84' lang='grc' dir='ltr'><em>ήπατος</em></span> <span class='ocrx_word' id='word_1_78' title='bbox 524 1268 580 1336; x_wconf 83' lang='grc' dir='ltr'><em>καὶ</em></span> <span class='ocrx_word' id='word_1_79' title='bbox 608 1273 671 1336; x_wconf 83' lang='grc' dir='ltr'><em>σὺν</em></span> <span class='ocrx_word' id='word_1_80' title='bbox 698 1269 811 1346; x_wconf 83' lang='grc' dir='ltr'><em>αὐτοῖς</em></span> <span class='ocrx_word' id='word_1_81' title='bbox 839 1272 901 1355; x_wconf 88' lang='grc' dir='ltr'><em>τήν</em></span> <span class='ocrx_word' id='word_1_82' title='bbox 923 1270 1034 1356; x_wconf 83' lang='grc' dir='ltr'><em>οὐρδν</em></span> <span class='ocrx_word' id='word_1_83' title='bbox 1057 1283 1116 1339; x_wconf 90' lang='grc' dir='ltr'><em>τοῦ</em></span> <span class='ocrx_word' id='word_1_84' title='bbox 1128 1287 1149 1328; x_wconf 82' lang='lat'><em>1⁰</em></span> 
     </span>
     <span class='ocr_line' id='line_1_12' title="bbox 97 1372 1117 1466; baseline 0.003 -24"><span class='ocrx_word' id='word_1_85' title='bbox 97 1377 199 1464; x_wconf 83' lang='grc' dir='ltr'><em>ἀρνὸς</em></span> <span class='ocrx_word' id='word_1_86' title='bbox 222 1375 417 1463; x_wconf 81' lang='grc' dir='ltr'><em>ἐπιφέρουσι</em></span> <span class='ocrx_word' id='word_1_87' title='bbox 439 1385 484 1466; x_wconf 91' lang='grc' dir='ltr'><em>τῷ</em></span> <span class='ocrx_word' id='word_1_88' title='bbox 509 1381 624 1465; x_wconf 86' lang='grc' dir='ltr'><em>βωμῷ·</em></span> <span class='ocrx_word' id='word_1_89' title='bbox 655 1377 765 1461; x_wconf 81' lang='lat'>&lt;229&gt;</span> <span class='ocrx_word' id='word_1_90' title='bbox 789 1378 826 1442; x_wconf 86' lang='grc' dir='ltr'><em>τὸ</em></span> <span class='ocrx_word' id='word_1_91' title='bbox 850 1372 888 1442; x_wconf 72' lang='grc' dir='ltr'><em>δὲ</em></span> <span class='ocrx_word' id='word_1_92' title='bbox 910 1383 1039 1461; x_wconf 85' lang='grc' dir='ltr'><em>στήθος</em></span> <span class='ocrx_word' id='word_1_93' title='bbox 1061 1378 1117 1445; x_wconf 79' lang='grc' dir='ltr'><em>καὶ</em></span> 
     </span>
     <span class='ocr_line' id='line_1_13' title="bbox 96 1482 1118 1570; baseline 0.003 -21"><span class='ocrx_word' id='word_1_94' title='bbox 96 1484 157 1568; x_wconf 89' lang='grc' dir='ltr'><em>τήν</em></span> <span class='ocrx_word' id='word_1_95' title='bbox 185 1489 316 1570; x_wconf 81' lang='grc' dir='ltr'><em>κνήμην</em></span> <span class='ocrx_word' id='word_1_96' title='bbox 343 1486 405 1569; x_wconf 91' lang='grc' dir='ltr'><em>τήν</em></span> <span class='ocrx_word' id='word_1_97' title='bbox 433 1482 544 1561; x_wconf 81' lang='grc' dir='ltr'><em>δεξιὰν</em></span> <span class='ocrx_word' id='word_1_98' title='bbox 574 1494 643 1558; x_wconf 77' lang='grc' dir='ltr'><em>τοῖς</em></span> <span class='ocrx_word' id='word_1_99' title='bbox 666 1483 790 1567; x_wconf 77' lang='grc' dir='ltr'><em>ἱερεῦσι</em></span> <span class='ocrx_word' id='word_1_100' title='bbox 812 1487 1040 1568; x_wconf 85' lang='grc' dir='ltr'><em>παρασχόντες</em></span> <span class='ocrx_word' id='word_1_101' title='bbox 1063 1484 1118 1552; x_wconf 79' lang='grc' dir='ltr'><em>ἐπὶ</em></span> 
     </span>
     <span class='ocr_line' id='line_1_14' title="bbox 98 1585 1117 1678; baseline 0.006 -23"><span class='ocrx_word' id='word_1_102' title='bbox 98 1588 150 1655; x_wconf 84' lang='grc' dir='ltr'><em>δύ’</em></span> <span class='ocrx_word' id='word_1_103' title='bbox 167 1589 292 1677; x_wconf 78' lang='grc' dir='ltr'><em>ἡμέρας</em></span> <span class='ocrx_word' id='word_1_104' title='bbox 305 1590 508 1676; x_wconf 83' lang='grc' dir='ltr'><em>εὐωχοῦνται</em></span> <span class='ocrx_word' id='word_1_105' title='bbox 526 1600 595 1665; x_wconf 83' lang='grc' dir='ltr'><em>τοῖς</em></span> <span class='ocrx_word' id='word_1_106' title='bbox 612 1585 902 1672; x_wconf 80' lang='grc' dir='ltr'><em>καταλειπομένοις</em></span> <span class='ocrx_word' id='word_1_107' title='bbox 914 1600 982 1655; x_wconf 83' lang='grc' dir='ltr'><em>τῶν</em></span> <span class='ocrx_word' id='word_1_108' title='bbox 995 1590 1117 1678; x_wconf 82' lang='grc' dir='ltr'><em>κρεῶν.</em></span> 
     </span>
     <span class='ocr_line' id='line_1_15' title="bbox 97 1694 956 1787; baseline -0.006 -24"><span class='ocrx_word' id='word_1_109' title='bbox 97 1696 118 1762; x_wconf 77' lang='grc' dir='ltr'><em>ἃ</em></span> <span class='ocrx_word' id='word_1_110' title='bbox 142 1694 172 1762; x_wconf 88' lang='grc' dir='ltr'><em>δ’</em></span> <span class='ocrx_word' id='word_1_111' title='bbox 200 1697 242 1763; x_wconf 78' lang='grc' dir='ltr'><em>δν</em></span> <span class='ocrx_word' id='word_1_112' title='bbox 264 1697 474 1782; x_wconf 84' lang='grc' dir='ltr'><em>περιττεύση,</em></span> <span class='ocrx_word' id='word_1_113' title='bbox 496 1698 718 1761; x_wconf 91' lang='grc' dir='ltr'><em>κατακαίουσι.</em></span> <span class='ocrx_word' id='word_1_114' title='bbox 954 1783 956 1787; x_wconf 70' lang='lat'>‚</span> 
     </span>
    </p>

    <p class='ocr_par' dir='ltr' id='par_1_4' title="bbox 61 1797 1157 3377">
     <span class='ocr_line' id='line_1_16' title="bbox 61 1797 1155 1889; baseline 0.006 -23"><span class='ocrx_word' id='word_1_115' title='bbox 61 1817 78 1866; x_wconf 80' lang='grc' dir='ltr'><em>ε</em></span> <span class='ocrx_word' id='word_1_116' title='bbox 165 1803 275 1887; x_wconf 81' lang='grc'>&lt;230&gt;</span> <span class='ocrx_word' id='word_1_117' title='bbox 297 1803 423 1867; x_wconf 79' lang='grc' dir='ltr'><em>θύουσι</em></span> <span class='ocrx_word' id='word_1_118' title='bbox 442 1797 479 1866; x_wconf 69' lang='grc' dir='ltr'><em>δὲ</em></span> <span class='ocrx_word' id='word_1_119' title='bbox 497 1799 552 1866; x_wconf 82' lang='grc' dir='ltr'><em>καὶ</em></span> <span class='ocrx_word' id='word_1_120' title='bbox 575 1797 658 1889; x_wconf 74' lang='grc' dir='ltr'><em>ὑπὲρ</em></span> <span class='ocrx_word' id='word_1_121' title='bbox 682 1800 891 1888; x_wconf 73' lang='grc' dir='ltr'><em>ἁμαρτάδων,</em></span> <span class='ocrx_word' id='word_1_122' title='bbox 914 1799 969 1867; x_wconf 82' lang='grc' dir='ltr'><em>καὶ</em></span> <span class='ocrx_word' id='word_1_123' title='bbox 993 1801 1119 1888; x_wconf 88' lang='grc' dir='ltr'><em>δμοίως</em></span> <span class='ocrx_word' id='word_1_124' title='bbox 1132 1824 1155 1866; x_wconf 78' lang='lat'><em>1⁵</em></span> 
     </span>
     <span class='ocr_line' id='line_1_17' title="bbox 97 1907 1119 2000; baseline 0.006 -27"><span class='ocrx_word' id='word_1_125' title='bbox 97 1917 142 1997; x_wconf 90' lang='grc' dir='ltr'><em>τῷ</em></span> <span class='ocrx_word' id='word_1_126' title='bbox 165 1907 330 1993; x_wconf 81' lang='grc' dir='ltr'><em>περὶτῶν</em></span> <span class='ocrx_word' id='word_1_127' title='bbox 353 1910 575 1993; x_wconf 90' lang='grc' dir='ltr'><em>χαριστηρίων</em></span> <span class='ocrx_word' id='word_1_128' title='bbox 602 1916 659 1991; x_wconf 81' lang='grc' dir='ltr'><em>της</em></span> <span class='ocrx_word' id='word_1_129' title='bbox 682 1910 870 1997; x_wconf 77' lang='grc' dir='ltr'><em>ἱερουργίας</em></span> <span class='ocrx_word' id='word_1_130' title='bbox 892 1912 1003 2000; x_wconf 85' lang='grc' dir='ltr'><em>τρόπφ</em></span> <span class='ocrx_word' id='word_1_131' title='bbox 1027 1917 1119 1995; x_wconf 88' lang='grc' dir='ltr'><em>γίνε-</em></span> 
     </span>
     <span class='ocr_line' id='line_1_18' title="bbox 96 2011 1118 2105; baseline 0.006 -27"><span class='ocrx_word' id='word_1_132' title='bbox 96 2037 159 2080; x_wconf 88' lang='grc' dir='ltr'><em>ται.</em></span> <span class='ocrx_word' id='word_1_133' title='bbox 197 2015 232 2081; x_wconf 87' lang='grc' dir='ltr'><em>οί</em></span> <span class='ocrx_word' id='word_1_134' title='bbox 257 2011 288 2080; x_wconf 86' lang='grc' dir='ltr'><em>δ’</em></span> <span class='ocrx_word' id='word_1_135' title='bbox 315 2014 475 2080; x_wconf 85' lang='grc' dir='ltr'><em>ἀδύνατοι</em></span> <span class='ocrx_word' id='word_1_136' title='bbox 504 2016 650 2100; x_wconf 80' lang='grc' dir='ltr'><em>πορίζειν</em></span> <span class='ocrx_word' id='word_1_137' title='bbox 672 2015 713 2080; x_wconf 85' lang='grc' dir='ltr'><em>τδι</em></span> <span class='ocrx_word' id='word_1_138' title='bbox 736 2013 844 2081; x_wconf 82' lang='grc' dir='ltr'><em>τέλεια</em></span> <span class='ocrx_word' id='word_1_139' title='bbox 866 2017 1000 2100; x_wconf 80' lang='grc' dir='ltr'><em>θύματα</em></span> <span class='ocrx_word' id='word_1_140' title='bbox 1023 2040 1118 2105; x_wconf 89' lang='grc' dir='ltr'><em>περι-</em></span> 
     </span>
     <span class='ocr_line' id='line_1_19' title="bbox 99 2113 1116 2212; baseline 0.003 -26"><span class='ocrx_word' id='word_1_141' title='bbox 99 2123 214 2206; x_wconf 86' lang='grc' dir='ltr'><em>στερδις</em></span> <span class='ocrx_word' id='word_1_142' title='bbox 241 2121 262 2206; x_wconf 87' lang='grc' dir='ltr'><em>ή</em></span> <span class='ocrx_word' id='word_1_143' title='bbox 289 2123 454 2206; x_wconf 78' lang='grc' dir='ltr'><em>τρυγόνας</em></span> <span class='ocrx_word' id='word_1_144' title='bbox 484 2120 562 2204; x_wconf 85' lang='grc' dir='ltr'><em>δύο,</em></span> <span class='ocrx_word' id='word_1_145' title='bbox 590 2113 637 2184; x_wconf 83' lang='grc' dir='ltr'><em>ὧν</em></span> <span class='ocrx_word' id='word_1_146' title='bbox 660 2122 697 2186; x_wconf 88' lang='grc' dir='ltr'><em>τὸ</em></span> <span class='ocrx_word' id='word_1_147' title='bbox 721 2115 782 2204; x_wconf 69' lang='grc' dir='ltr'><em>μὲν</em></span> <span class='ocrx_word' id='word_1_148' title='bbox 806 2120 1045 2187; x_wconf 86' lang='grc' dir='ltr'><em>ὁλοκαυτοῦται</em></span> <span class='ocrx_word' id='word_1_149' title='bbox 1070 2133 1116 2212; x_wconf 92' lang='grc' dir='ltr'><em>τῷ</em></span> 
     </span>
     <span class='ocr_line' id='line_1_20' title="bbox 97 2224 1117 2316; baseline 0.002 -24"><span class='ocrx_word' id='word_1_150' title='bbox 97 2233 185 2316; x_wconf 86' lang='grc' dir='ltr'><em>θεῷ,</em></span> <span class='ocrx_word' id='word_1_151' title='bbox 211 2231 248 2295; x_wconf 90' lang='grc' dir='ltr'><em>τὸ</em></span> <span class='ocrx_word' id='word_1_152' title='bbox 272 2224 309 2293; x_wconf 67' lang='grc' dir='ltr'><em>δὲ</em></span> <span class='ocrx_word' id='word_1_153' title='bbox 331 2239 401 2303; x_wconf 82' lang='grc' dir='ltr'><em>τοῖς</em></span> <span class='ocrx_word' id='word_1_154' title='bbox 425 2228 570 2313; x_wconf 80' lang='grc' dir='ltr'><em>ἱερεῦσιν</em></span> <span class='ocrx_word' id='word_1_155' title='bbox 592 2228 640 2302; x_wconf 81' lang='grc' dir='ltr'><em>είς</em></span> <span class='ocrx_word' id='word_1_156' title='bbox 661 2229 789 2312; x_wconf 83' lang='grc' dir='ltr'><em>βρῶσιν</em></span> <span class='ocrx_word' id='word_1_157' title='bbox 813 2228 974 2292; x_wconf 90' lang='grc' dir='ltr'><em>διδόασιν.</em></span> <span class='ocrx_word' id='word_1_158' title='bbox 1022 2226 1117 2315; x_wconf 85' lang='grc' dir='ltr'><em>ἀκρι-</em></span> 
     </span>
     <span class='ocr_line' id='line_1_21' title="bbox 97 2329 1156 2420; baseline 0 -23"><span class='ocrx_word' id='word_1_159' title='bbox 97 2330 255 2419; x_wconf 85' lang='grc' dir='ltr'><em>βέστερον</em></span> <span class='ocrx_word' id='word_1_160' title='bbox 273 2330 311 2398; x_wconf 75' lang='grc' dir='ltr'><em>δὲ</em></span> <span class='ocrx_word' id='word_1_161' title='bbox 334 2331 484 2418; x_wconf 78' lang='grc' dir='ltr'><em>περὶτῆς</em></span> <span class='ocrx_word' id='word_1_162' title='bbox 505 2336 628 2408; x_wconf 90' lang='grc' dir='ltr'><em>θυσίας</em></span> <span class='ocrx_word' id='word_1_163' title='bbox 649 2334 754 2397; x_wconf 81' lang='grc' dir='ltr'><em>τῶνδε</em></span> <span class='ocrx_word' id='word_1_164' title='bbox 777 2342 844 2397; x_wconf 85' lang='grc' dir='ltr'><em>τῶν</em></span> <span class='ocrx_word' id='word_1_165' title='bbox 869 2329 960 2420; x_wconf 79' lang='grc' dir='ltr'><em>ζῷων</em></span> <span class='ocrx_word' id='word_1_166' title='bbox 983 2331 1021 2397; x_wconf 81' lang='grc' dir='ltr'><em>ἐν</em></span> <span class='ocrx_word' id='word_1_167' title='bbox 1044 2347 1117 2412; x_wconf 77' lang='grc' dir='ltr'><em>τοῖς</em></span> <span class='ocrx_word' id='word_1_168' title='bbox 1131 2357 1156 2397; x_wconf 78' lang='grc' dir='ltr'><em>νο</em></span> 
     </span>
     <span class='ocr_line' id='line_1_22' title="bbox 99 2434 1117 2524; baseline 0.006 -24"><span class='ocrx_word' id='word_1_169' title='bbox 99 2435 174 2524; x_wconf 81' lang='grc' dir='ltr'><em>περὶ</em></span> <span class='ocrx_word' id='word_1_170' title='bbox 196 2445 328 2504; x_wconf 81' lang='grc' dir='ltr'><em>θυσιῶν</em></span> <span class='ocrx_word' id='word_1_171' title='bbox 351 2437 502 2522; x_wconf 82' lang='grc' dir='ltr'><em>ἐροῦμεν.</em></span> <span class='ocrx_word' id='word_1_172' title='bbox 539 2437 649 2521; x_wconf 76' lang='lat'>&lt;231&gt;</span> <span class='ocrx_word' id='word_1_173' title='bbox 669 2437 687 2502; x_wconf 88' lang='grc' dir='ltr'>ὁ</span> <span class='ocrx_word' id='word_1_174' title='bbox 707 2434 768 2521; x_wconf 73' lang='grc' dir='ltr'><em>μὲν</em></span> <span class='ocrx_word' id='word_1_175' title='bbox 790 2439 853 2523; x_wconf 82' lang='grc' dir='ltr'><em>γὰρ</em></span> <span class='ocrx_word' id='word_1_176' title='bbox 876 2435 946 2503; x_wconf 89' lang='grc' dir='ltr'><em>κατ’</em></span> <span class='ocrx_word' id='word_1_177' title='bbox 972 2440 1117 2522; x_wconf 79' lang='grc' dir='ltr'><em>ἄγνοιαν</em></span> 
     </span>
     <span class='ocr_line' id='line_1_23' title="bbox 98 2538 1118 2628; baseline 0.009 -23"><span class='ocrx_word' id='word_1_178' title='bbox 98 2543 146 2616; x_wconf 86' lang='grc' dir='ltr'><em>είς</em></span> <span class='ocrx_word' id='word_1_179' title='bbox 163 2552 260 2607; x_wconf 87' lang='grc' dir='ltr'><em>τοῦτο</em></span> <span class='ocrx_word' id='word_1_180' title='bbox 278 2543 455 2627; x_wconf 85' lang='grc' dir='ltr'><em>προπεσὼν</em></span> <span class='ocrx_word' id='word_1_181' title='bbox 478 2544 564 2628; x_wconf 80' lang='grc' dir='ltr'><em>ἄρνα</em></span> <span class='ocrx_word' id='word_1_182' title='bbox 581 2538 636 2606; x_wconf 79' lang='grc' dir='ltr'><em>καὶ</em></span> <span class='ocrx_word' id='word_1_183' title='bbox 660 2543 778 2628; x_wconf 81' lang='grc' dir='ltr'><em>ἔριφον</em></span> <span class='ocrx_word' id='word_1_184' title='bbox 800 2547 942 2628; x_wconf 85' lang='grc' dir='ltr'><em>θήλειαν</em></span> <span class='ocrx_word' id='word_1_185' title='bbox 965 2556 1031 2610; x_wconf 84' lang='grc' dir='ltr'><em>τῶν</em></span> <span class='ocrx_word' id='word_1_186' title='bbox 1055 2548 1118 2614; x_wconf 88' lang='grc' dir='ltr'><em>αὐ-</em></span> 
     </span>
     <span class='ocr_line' id='line_1_24' title="bbox 96 2644 1117 2737; baseline 0.01 -27"><span class='ocrx_word' id='word_1_187' title='bbox 96 2656 219 2711; x_wconf 82' lang='grc' dir='ltr'><em>τοετῶν</em></span> <span class='ocrx_word' id='word_1_188' title='bbox 236 2645 429 2733; x_wconf 80' lang='grc' dir='ltr'><em>προσφέρει,</em></span> <span class='ocrx_word' id='word_1_189' title='bbox 451 2645 569 2737; x_wconf 79' lang='grc' dir='ltr'><em>καὶτῷ</em></span> <span class='ocrx_word' id='word_1_190' title='bbox 588 2644 649 2732; x_wconf 73' lang='grc' dir='ltr'><em>μὲν</em></span> <span class='ocrx_word' id='word_1_191' title='bbox 668 2650 780 2733; x_wconf 84' lang='grc' dir='ltr'><em>αἵματι</em></span> <span class='ocrx_word' id='word_1_192' title='bbox 804 2652 893 2717; x_wconf 87' lang='grc' dir='ltr'><em>δεύει</em></span> <span class='ocrx_word' id='word_1_193' title='bbox 916 2654 975 2717; x_wconf 91' lang='grc' dir='ltr'><em>τὸν</em></span> <span class='ocrx_word' id='word_1_194' title='bbox 998 2656 1117 2737; x_wconf 86' lang='grc' dir='ltr'><em>βωμὸν</em></span> 
     </span>
     <span class='ocr_line' id='line_1_25' title="bbox 99 2751 1118 2841; baseline 0.006 -22"><span class='ocrx_word' id='word_1_195' title='bbox 99 2752 117 2819; x_wconf 88' lang='grc' dir='ltr'>ὁ</span> <span class='ocrx_word' id='word_1_196' title='bbox 146 2753 269 2837; x_wconf 87' lang='grc' dir='ltr'><em>ίερεύς,</em></span> <span class='ocrx_word' id='word_1_197' title='bbox 297 2751 358 2839; x_wconf 90' lang='grc' dir='ltr'><em>οὐχ</em></span> <span class='ocrx_word' id='word_1_198' title='bbox 386 2754 430 2831; x_wconf 83' lang='grc' dir='ltr'><em>ὡς</em></span> <span class='ocrx_word' id='word_1_199' title='bbox 458 2756 495 2820; x_wconf 90' lang='grc' dir='ltr'><em>τδ</em></span> <span class='ocrx_word' id='word_1_200' title='bbox 521 2766 671 2839; x_wconf 80' lang='grc' dir='ltr'><em>πρῶτον,</em></span> <span class='ocrx_word' id='word_1_201' title='bbox 699 2754 783 2821; x_wconf 82' lang='grc' dir='ltr'><em>ἀλλὰ</em></span> <span class='ocrx_word' id='word_1_202' title='bbox 810 2768 876 2822; x_wconf 80' lang='grc' dir='ltr'><em>τῶν</em></span> <span class='ocrx_word' id='word_1_203' title='bbox 900 2769 1033 2841; x_wconf 82' lang='grc' dir='ltr'><em>γωνιῶν</em></span> <span class='ocrx_word' id='word_1_204' title='bbox 1056 2762 1118 2839; x_wconf 83' lang='grc' dir='ltr'><em>τὰς</em></span> 
     </span>
     <span class='ocr_line' id='line_1_26' title="bbox 98 2857 1157 2951; baseline 0 -24"><span class='ocrx_word' id='word_1_205' title='bbox 98 2858 225 2946; x_wconf 76' lang='grc' dir='ltr'><em>ἐξοχάς·</em></span> <span class='ocrx_word' id='word_1_206' title='bbox 252 2857 307 2926; x_wconf 78' lang='grc' dir='ltr'><em>καὶ</em></span> <span class='ocrx_word' id='word_1_207' title='bbox 336 2860 414 2938; x_wconf 85' lang='grc' dir='ltr'><em>τούς</em></span> <span class='ocrx_word' id='word_1_208' title='bbox 441 2883 475 2926; x_wconf 88' lang='grc' dir='ltr'><em>τε</em></span> <span class='ocrx_word' id='word_1_209' title='bbox 503 2864 648 2948; x_wconf 90' lang='grc' dir='ltr'><em>νεφροὺς</em></span> <span class='ocrx_word' id='word_1_210' title='bbox 675 2860 730 2927; x_wconf 79' lang='grc' dir='ltr'><em>καί</em></span> <span class='ocrx_word' id='word_1_211' title='bbox 754 2864 815 2948; x_wconf 89' lang='grc' dir='ltr'><em>τήν</em></span> <span class='ocrx_word' id='word_1_212' title='bbox 842 2865 948 2950; x_wconf 79' lang='grc' dir='ltr'><em>ἄλλην</em></span> <span class='ocrx_word' id='word_1_213' title='bbox 970 2868 1115 2951; x_wconf 89' lang='grc' dir='ltr'><em>πιμελήν</em></span> <span class='ocrx_word' id='word_1_214' title='bbox 1130 2887 1157 2928; x_wconf 80' lang='grc' dir='ltr'><em>ετ</em></span> 
     </span>
     <span class='ocr_line' id='line_1_27' title="bbox 98 2967 1111 3059; baseline 0.004 -26"><span class='ocrx_word' id='word_1_215' title='bbox 98 2970 162 3033; x_wconf 85' lang='grc' dir='ltr'><em>σὺν</em></span> <span class='ocrx_word' id='word_1_216' title='bbox 181 2976 226 3055; x_wconf 89' lang='grc' dir='ltr'><em>τῷ</em></span> <span class='ocrx_word' id='word_1_217' title='bbox 245 2971 335 3056; x_wconf 91' lang='grc' dir='ltr'><em>λοβῷ</em></span> <span class='ocrx_word' id='word_1_218' title='bbox 355 2977 416 3034; x_wconf 87' lang='grc' dir='ltr'><em>τοῦ</em></span> <span class='ocrx_word' id='word_1_219' title='bbox 437 2968 560 3052; x_wconf 88' lang='grc' dir='ltr'><em>ήπατος</em></span> <span class='ocrx_word' id='word_1_220' title='bbox 583 2967 778 3055; x_wconf 81' lang='grc' dir='ltr'><em>ἐπιφέρουσι</em></span> <span class='ocrx_word' id='word_1_221' title='bbox 800 2978 846 3058; x_wconf 91' lang='grc' dir='ltr'><em>τῷ</em></span> <span class='ocrx_word' id='word_1_222' title='bbox 870 2974 983 3059; x_wconf 88' lang='grc' dir='ltr'><em>βωμῷ.</em></span> <span class='ocrx_word' id='word_1_223' title='bbox 1022 2973 1058 3036; x_wconf 88' lang='grc' dir='ltr'><em>οί</em></span> <span class='ocrx_word' id='word_1_224' title='bbox 1078 2970 1111 3037; x_wconf 91' lang='grc' dir='ltr'><em>δ’</em></span> 
     </span>
     <span class='ocr_line' id='line_1_28' title="bbox 98 3073 1116 3162; baseline 0.006 -25"><span class='ocrx_word' id='word_1_225' title='bbox 98 3074 197 3158; x_wconf 81' lang='grc' dir='ltr'><em>ίερείς</em></span> <span class='ocrx_word' id='word_1_226' title='bbox 214 3074 271 3151; x_wconf 80' lang='grc' dir='ltr'><em>τίς</em></span> <span class='ocrx_word' id='word_1_227' title='bbox 287 3097 322 3140; x_wconf 89' lang='grc' dir='ltr'><em>τε</em></span> <span class='ocrx_word' id='word_1_228' title='bbox 342 3074 443 3157; x_wconf 83' lang='grc' dir='ltr'><em>δορδς</em></span> <span class='ocrx_word' id='word_1_229' title='bbox 461 3073 684 3162; x_wconf 83' lang='grc' dir='ltr'><em>ἀποφέρονται</em></span> <span class='ocrx_word' id='word_1_230' title='bbox 703 3074 816 3142; x_wconf 79' lang='grc' dir='ltr'><em>καὶτὰ</em></span> <span class='ocrx_word' id='word_1_231' title='bbox 838 3075 930 3162; x_wconf 79' lang='grc' dir='ltr'><em>κρέα,</em></span> <span class='ocrx_word' id='word_1_232' title='bbox 954 3073 1004 3142; x_wconf 80' lang='grc' dir='ltr'><em>ἐπ’</em></span> <span class='ocrx_word' id='word_1_233' title='bbox 1032 3077 1116 3144; x_wconf 79' lang='grc' dir='ltr'><em>ἐκεί-</em></span> 
     </span>
     <span class='ocr_line' id='line_1_29' title="bbox 97 3178 1116 3270; baseline 0.01 -29"><span class='ocrx_word' id='word_1_234' title='bbox 97 3201 158 3260; x_wconf 82' lang='grc' dir='ltr'><em>νης</em></span> <span class='ocrx_word' id='word_1_235' title='bbox 177 3180 423 3264; x_wconf 73' lang='grc' dir='ltr'><em>δαπανήσοντες</em></span> <span class='ocrx_word' id='word_1_236' title='bbox 440 3190 498 3264; x_wconf 83' lang='grc' dir='ltr'><em>τής</em></span> <span class='ocrx_word' id='word_1_237' title='bbox 514 3178 637 3268; x_wconf 75' lang='grc' dir='ltr'><em>ήμὲρας</em></span> <span class='ocrx_word' id='word_1_238' title='bbox 655 3181 692 3247; x_wconf 77' lang='grc' dir='ltr'><em>ἐν</em></span> <span class='ocrx_word' id='word_1_239' title='bbox 710 3191 755 3270; x_wconf 90' lang='grc' dir='ltr'><em>τῷ</em></span> <span class='ocrx_word' id='word_1_240' title='bbox 776 3184 867 3270; x_wconf 83' lang='grc' dir='ltr'><em>ίερῷ·</em></span> <span class='ocrx_word' id='word_1_241' title='bbox 892 3183 909 3250; x_wconf 87' lang='grc' dir='ltr'>ὁ</span> <span class='ocrx_word' id='word_1_242' title='bbox 929 3183 992 3269; x_wconf 81' lang='grc' dir='ltr'><em>γὰρ</em></span> <span class='ocrx_word' id='word_1_243' title='bbox 1011 3187 1116 3268; x_wconf 89' lang='grc' dir='ltr'><em>νόμος</em></span> 
     </span>
     <span class='ocr_line' id='line_1_30' title="bbox 97 3283 1115 3377; baseline 0.01 -31"><span class='ocrx_word' id='word_1_244' title='bbox 97 3285 144 3360; x_wconf 83' lang='grc' dir='ltr'><em>είς</em></span> <span class='ocrx_word' id='word_1_245' title='bbox 166 3283 226 3367; x_wconf 89' lang='grc' dir='ltr'><em>τήν</em></span> <span class='ocrx_word' id='word_1_246' title='bbox 250 3285 369 3365; x_wconf 81' lang='grc' dir='ltr'><em>αὔριον</em></span> <span class='ocrx_word' id='word_1_247' title='bbox 392 3286 566 3353; x_wconf 79' lang='grc' dir='ltr'><em>ἀπολιπεῖν</em></span> <span class='ocrx_word' id='word_1_248' title='bbox 595 3288 656 3354; x_wconf 84' lang='grc' dir='ltr'><em>οὐκ</em></span> <span class='ocrx_word' id='word_1_249' title='bbox 679 3287 727 3375; x_wconf 80' lang='grc' dir='ltr'><em>ἐᾷ.</em></span> <span class='ocrx_word' id='word_1_250' title='bbox 773 3288 882 3373; x_wconf 75' lang='lat'>&lt;232&gt;</span> <span class='ocrx_word' id='word_1_251' title='bbox 907 3289 925 3356; x_wconf 87' lang='grc' dir='ltr'><em>δ</em></span> <span class='ocrx_word' id='word_1_252' title='bbox 949 3286 982 3354; x_wconf 88' lang='grc' dir='ltr'><em>δ’</em></span> <span class='ocrx_word' id='word_1_253' title='bbox 1010 3289 1115 3377; x_wconf 90' lang='grc' dir='ltr'><em>διμαρ-</em></span> 
     </span>
    </p>

    <p class='ocr_par' dir='ltr' id='par_1_5' title="bbox 85 3423 1112 3589">
     <span class='ocr_line' id='line_1_31' title="bbox 168 3423 1112 3496; baseline 0.01 -19"><span class='ocrx_word' id='word_1_254' title='bbox 168 3423 510 3489; x_wconf 74' lang='lat' dir='ltr'>§228=Levit.1111.</span> <span class='ocrx_word' id='word_1_255' title='bbox 601 3432 689 3493; x_wconf 75' lang='lat'>§280</span> <span class='ocrx_word' id='word_1_256' title='bbox 704 3426 841 3482; x_wconf 69' lang='lat' dir='ltr'>===Levit.</span> <span class='ocrx_word' id='word_1_257' title='bbox 864 3427 891 3481; x_wconf 92' lang='lat' dir='ltr'><strong>V</strong></span> <span class='ocrx_word' id='word_1_258' title='bbox 910 3435 934 3483; x_wconf 79' lang='grc'><em>7.</em></span> <span class='ocrx_word' id='word_1_259' title='bbox 1026 3436 1112 3496; x_wconf 78' lang='lat'>§231</span> 
     </span>
     <span class='ocr_line' id='line_1_32' title="bbox 85 3512 387 3589; baseline 0.02 -21"><span class='ocrx_word' id='word_1_260' title='bbox 85 3512 227 3572; x_wconf 56' lang='grc' dir='ltr'><em>κλεινή,</em></span> <span class='ocrx_word' id='word_1_261' title='bbox 246 3512 293 3572; x_wconf 89' lang='lat' dir='ltr'><em>IV</em></span> <span class='ocrx_word' id='word_1_262' title='bbox 307 3519 322 3571; x_wconf 85' lang='lat'><strong><em>1</em></strong></span> <span class='ocrx_word' id='word_1_263' title='bbox 345 3533 387 3589; x_wconf 81' lang='grc' dir='ltr'><em>ιη.</em></span> 
     </span>
    </p>
   </div>
   <div class='ocr_carea' id='block_1_3' title="bbox 0 0 1234 3848">
    <p class='ocr_par' dir='ltr' id='par_1_6' title="bbox 0 0 1234 3848">
     <span class='ocr_line' id='line_1_33' title="bbox 0 0 1234 3848; baseline 0 0"><span class='ocrx_word' id='word_1_264' title='bbox 0 0 1234 3848; x_wconf 95' lang='lat' dir='ltr'><em> </em></span> 
     </span>
    </p>
   </div>
  </div>
 </body>
</html>
