2460 3848
119 146 187 214 ‘260
489 151 761 204 ΑΡΧΑΙΟΑΟΙἾΛΣ
831 153 833 157 ’

116 311 198 376 κατὰ
221 312 346 398 χώραν,
368 307 424 376 καὶ
446 313 523 387 τοὺς
545 309 855 396 μνηστευσαμένους
878 309 991 378 δὲκαὶ
1016 315 1144 383 νεωστὶ

116 421 351 503 γεγαμηκότας,
374 418 418 502 μὴ
437 419 534 505 πόθῳ
552 417 679 483 τούτων
698 420 891 503 φειδόμενοι
914 429 974 485 τοῦ
998 423 1058 504 ζῇν
1082 421 1143 488 καὶ

116 534 294 611 τηροῦντες
316 523 438 599 αὑτοὺς
460 523 507 599 είς
528 525 589 607 τὴν
616 524 744 590 τούτων
766 523 952 590 ἀπόλαυσιν
975 524 1142 594 ἐθελοκα-

120 633 254 715 κήσωσι.

62 751 97 800 42
182 735 292 818 (299)
322 735 682 819 στρατοπεδευσάμενοι
719 732 756 800 δὲ
792 743 992 823 προνοεῖσθε
1024 743 1071 824 μή
1108 758 1170 807 τιτ

116 853 182 908 τῶν
206 838 470 926 δυσχερεστέρων
490 839 685 927 ἐργάσησθε.
730 847 994 928 πολιορκοῦντας
1018 840 1057 910 δὲ
1082 846 1142 913 καὶ

118 946 227 1026 ξύλων
245 945 496 1033 ἀπορουμένους
512 949 560 1024 είς
578 951 712 1032 ποίησιν
732 949 976 1034 μηχανημάτων
1000 952 1044 1035 μὴ
1071 958 1141 1018 κεί-

119 1077 191 1140 ρειν
209 1054 270 1137 τὴν
289 1063 353 1137 γῇν
371 1053 477 1138 ἥμερα
490 1049 613 1139 δένδρα
632 1057 824 1136 κόπτοντας,
843 1053 927 1119 ἀλλά
945 1057 1142 1145 φείδεσθαι,

117 1158 349 1244 λογιζομένους
372 1156 421 1223 ἐπ’
445 1158 588 1246 ὠφελείᾳ
609 1170 711 1225 ταῦτα
733 1170 799 1225 τῶν
823 1159 1014 1246 ἀνθρώπων
1037 1186 1141 1247 γεγο-

116 1265 227 1351 νέναι,
257 1263 312 1331 καὶ
341 1273 457 1351 φωνῆς
483 1264 525 1330 ἀν
552 1265 782 1351 εὐπορήσαντα
810 1267 1139 1350 δικαιολογήσασθαι
1157 1288 1183 1328 10

115 1355 197 1459 πρὸς
232 1372 318 1457 ὑμᾶς
353 1371 398 1447 ὡς
433 1367 535 1437 οὐδὲν
571 1377 659 1437 αίτια
694 1380 755 1437 τοῦ
790 1369 937 1455 πολέμου
969 1379 1141 1456 γεγονότα

114 1479 232 1564 πάσχει
259 1488 366 1554 κακῶς
392 1477 480 1563 παρά
508 1478 621 1561 δίκην,
648 1478 680 1541 εί
706 1477 847 1561 δύναμις
873 1477 986 1554 αὐτοῖς
1008 1474 1052 1562 ἦν
1078 1482 1141 1548 καὶ

115 1581 341 1669 μετοικήσαντ’
360 1583 402 1649 ἀν
420 1582 475 1649 καὶ
493 1586 575 1669 πρὸς
593 1585 697 1668 ἀλλην
715 1584 901 1667 μεταβάντα
919 1595 991 1668 γῆν.
1020 1585 1138 1670 <3ΟΟ>

116 1693 336 1776 κρατήσαντες
367 1685 404 1753 δὲ
438 1689 523 1775 μάχη
555 1690 633 1766 τοὺς
664 1686 940 1772 ἀντιταξαμένους
971 1694 1140 1777 κτείνατε,

115 1799 193 1872 τοὺς
211 1793 241 1860 δ’
263 1797 385 1870 ἀλλους
403 1791 437 1871 ἐς
453 1797 490 1859 τὸ
509 1798 616 1859 τελεία
638 1793 719 1877 ὑμῖν
741 1797 868 1880 φόρους
891 1797 1018 1879 σώζετε,
1041 1799 1136 1882 πλὴν
1158 1817 1183 1857 15

114 1910 175 1966 τοῦ
210 1903 408 1966 Χαναναίων
440 1902 574 1976 ἔθνους·
607 1901 745 1976 τούτους
776 1901 840 1986 γάρ
876 1899 1009 1967 πανοικὶ
1041 1914 1135 1988 χρῇν

117 2006 285 2092 ἀφανίσαι.

62 2128 96 2177 43
182 2114 292 2197 <301>
314 2110 491 2198 φυλάττετε
520 2110 557 2177 δὲ
587 2112 727 2196 μάλιστα
750 2111 787 2177 έν
810 2123 881 2189 ταῖς
903 2113 1020 2197 μάχαις
1044 2115 1134 2182 ὥστε

116 2224 195 2306 μήτε
214 2230 356 2304 γυναῖκα
373 2217 513 2305 ἀνδρικῇ
533 2228 632 2304 σκευῇ
647 2225 791 2305 χρῆσθαι
810 2216 881 2302 μη’τ’
901 2219 1007 2304 ἀνδρα
1027 2227 1133 2307 στολῇ

118 2331 299 2414 γυναικεία.
1152 2345 1179 2386 εο

62 2446 98 2494 44
182 2434 291 2516 <302>
305 2435 473 2499 πολιτείαν
487 2429 547 2514 μὲν
567 2426 629 2496 οὖν
648 2431 780 2497 τοιάνδε
798 2434 948 2514 Μωυσῇς
966 2429 1134 2518 κατέλιπε,

115 2539 240 2621 νόμους
272 2535 303 2602 δ’
335 2540 399 2602 έτει
425 2540 587 2622 πρότερον
616 2545 858 2623 τετταρακοστῷ
882 2533 1134 2621 γεγραμμένους

115 2644 341 2728 παραδίδωσι,
370 2641 445 2728 περὶ
473 2636 520 2707 ὧν
548 2641 585 2706 ἐν
613 2640 707 2728 ἑτέρᾳ
735 2650 845 2727 γραφῇ
869 2641 1013 2726 λεξομεν.
1059 2657 1135 2722 ταῖς

118 2745 147 2813 δ’
175 2745 248 2831 ἑξῆς
273 2745 409 2834 ἡμέραις
436 2744 585 2834 (συνεχὲς
612 2748 676 2834 γάρ
703 2746 946 2835 ἐξεκλησίασεν)
975 2748 1132 2831 εὐλογίας

117 2855 228 2932 αὐτοῖς
257 2855 393 2937 δίδωσι,
422 2850 477 2918 καὶ
506 2854 647 2941 κατάρας
679 2851 732 2920 ἐπὶ
764 2857 841 2930 τοὺς
868 2855 912 2939 μὴ
942 2854 1023 2919 κατὰ
1053 2859 1135 2933 τοὺς
1150 2874 1178 2915 τε

117 2965 242 3047 νόμους
260 2958 458 3047 ζησομένους
476 2959 560 3026 ἀλλά
579 2959 874 3047 παραβησομένους
896 2961 935 3025 τά
959 2959 995 3024 έν
1018 2960 1134 3040 αὐτοῖς

118 3064 328 3153 διωρισμένα.
373 3065 483 3148 <303>
510 3068 619 3132 έπειτα
646 3069 781 3150 ποίησιν
810 3063 986 3152 ἑξάμετρον
1017 3066 1134 3146 αὐτοῖς

118 3171 245 3255 ἀνέγνω
268 3171 311 3254 ἣν
333 3168 567 3238 καταλέλοιπεν
586 3173 623 3238 έν
641 3181 686 3260 τῷ
706 3176 824 3261 βιβλίῳ
847 3182 892 3260 τῷ
916 3174 1005 3260 ίερῷ,
1028 3177 1134 3258 πρόρ-

189 3328 450 3392 §299=Deuter.
469 3327 521 3381 XX
542 3335 582 3383 19.
624 3328 872 3394 §300=Deuter.
888 3328 939 3383 XX
955 3336 995 3384 13.
1043 3335 1133 3394 §301

109 3443 145 3461 =
164 3416 283 3472 Ησαίου,
303 3417 384 3472 XXII
403 3423 427 3473 5.
487 3422 573 3482 §302
590 3417 751 3473 =Deuten
769 3417 873 3471 XXVII
892 3434 932 3484 sq.
993 3422 1079 3481 §303
1097 3446 1134 3468 =

88 3505 210 3564 Denter.
231 3507 334 3566 XXXI
351 3516 394 3570 19.
