2460 3848
130 133 197 200 242
498 138 771 192 ammom

130 300 227 364 λίνου
245 300 368 382 στολὴν
386 299 542 384 φορείτω·
566 309 636 376 τοϊς
653 299 719 385 γὰρ
737 299 864 387 ἱερεῦσι
886 306 1022 387 μόνοις
1046 313 1171 397 ταύτην

129 403 376 492 ἀποδεδεῖχθαι.

76 526 110 576 ιε
195 512 305 596 <209>
328 511 553 586 συνελθόντος
575 505 612 574 δὲ
639 520 701 576 τοῦ
722 513 877 596 πλήθους
899 516 953 592 είς
978 522 1051 606 τὴν
1076 524 1169 611 ἱερὰν

127 622 227 684 πόλιν
245 614 298 683 ἐπὶ
316 626 386 692 ταῖς
402 618 540 692 θυσίαις
558 612 603 680 δι’
621 615 705 682 ἐτῶν
727 614 820 702 ἑπτά,
840 628 902 704 τῆς
924 633 1168 714 σκηνοπηγὼς

128 721 241 808 ἑορτῆς
259 721 430 808 ἐνστάσης,
447 722 466 789 δ
484 721 667 809 ἀρχιερεύς,
685 722 739 790 ἐπὶ
757 727 905 810 βήματος
916 728 1072 816 ὑψηλοῦ
1091 753 1187 804 στα-τ

125 828 200 907 θεὶς
217 825 276 915 ἀφ’
297 825 339 895 οὗ
357 826 479 913 γένοιτ’
497 828 539 895 ἀν
558 829 766 914 ἐξάκουστος,
788 830 1063 916 ἀναγινωσκέτω
1088 847 1164 922 τοὺς

126 940 250 1021 νόμους
267 945 361 1002 πᾶσι·
385 934 441 1001 καὶ
459 939 539 1022 μήτε
563 938 649 1022 γυνη
672 940 753 1022 μητε
774 940 892 1017 παῖδες
914 943 1162 1028 εἰργέσθωσαν

124 1051 184 1109 τοῦ
207 1041 359 1128 ἀκούειν,
387 1042 470 1108 ἀλλά
493 1039 571 1128 μηδ’
599 1043 634 1109 οί
654 1044 787 1110 δοῦλοι·
818 1045 930 1130 (210)
956 1055 1075 1120 καλὸν
1099 1059 1161 1143 γὰρ

124 1160 196 1227 ταῖς
216 1160 339 1235 συκαῖς
365 1147 589 1236 ἐγγραφέντας
610 1149 734 1227 αὐτοὺς
760 1148 816 1216 καὶ
837 1159 877 1237 τῇ
900 1159 1027 1245 μνήμη
1051 1169 1160 1247 φυλα-

124 1261 248 1340 χθῆναι
266 1254 429 1341 μηδέποτε
447 1254 687 1342 ἐξαλειφθῆναι
710 1255 930 1342 δυναμένους.
972 1264 1071 1332 οὕτω
1096 1270 1159 1355 γὰρ
1171 1285 1191 1327 ιι

124 1358 226 1428 οὐδὲν
258 1361 524 1448 ἁμαρτήσονται,
560 1364 605 1447 μὴ
638 1363 821 1448 δννάμενοι
857 1361 973 1448 λέγειν
1009 1373 1158 1456 ἄγνοιαν

123 1482 191 1536 τῶν
213 1469 250 1536 ἐν
277 1481 346 1546 τοῖς
370 1471 486 1554 νόμοις
509 1466 754 1556 διωρισμένων·
777 1471 814 1536 οῗ
832 1492 867 1535 τε
889 1473 996 1556 νόμοι
1021 1484 1157 1566 πολλὴν

123 1580 205 1664 πρὸς
228 1576 476 1662 ἁμαρτάνοντας
493 1574 605 1654 ἕξουσι
622 1579 822 1662 παρρησίαν,
844 1577 889 1654 ὡς
905 1587 1157 1667 προλεγόντων

122 1683 235 1761 αὐτοῖς
257 1683 278 1749 ἀ
300 1686 482 1766 πείσονται,
504 1680 559 1747 καὶ
582 1693 653 1759 ταῖς
676 1693 796 1768 ψυχαῖς
819 1681 1072 1769 ἐγγραψάντων
1097 1696 1156 1760 διὰ

121 1799 179 1872 τῆς
201 1788 301 1873 ἀκοῆς
323 1789 344 1854 ἃ
366 1790 573 1871 κελεύουσιν,
596 1789 708 1872 <211>
726 1785 803 1855 ὥστ’
826 1785 912 1855 εἶναι
936 1792 999 1858 διὰ
1023 1804 1156 1878 παντὸς
1168 1815 1189 1856 ιε

122 1895 221 1959 ἐνδον
248 1892 323 1982 παρ’
351 1895 464 1973 αὐτοῖς
490 1897 552 1980 τὴν
579 1898 775 1981 προαίρεσιν
797 1896 925 1979 αὐτῶν,
951 1892 994 1981 ἧς
1027 1903 1154 1990 ὀλιφω.

121 2002 281 2085 ρήσαντες
305 2002 469 2087 ἠδίκησαν
496 2001 552 2068 καὶ
584 2010 643 2085 τῆς
671 2004 785 2086 ζημίας
813 2003 926 2080 αὐτοῖς
955 2010 1065 2074 αἴτιοι
1098 2037 1153 2095 γε-

120 2111 248 2189 γόνασι.
285 2107 549 2193 μανθανέτωσαν
574 2104 611 2173 δέ
634 2106 689 2173 καὶ
712 2108 748 2174 οί
766 2109 882 2186 παῖδες
903 2120 1043 2195 πρῶτον
1068 2123 1152 2197 τοὺς

119 2217 254 2300 νόμους,
277 2217 416 2302 μάθημα
435 2217 612 2283 κάλλιστον
630 2213 685 2281 καὶ
708 2223 765 2300 τῆς
783 2215 998 2299 εὐδαιμονίας
1023 2229 1150 2291 αἴτιον.

68 2336 99 2387 18
186 2322 296 2407 <212>
319 2322 371 2402 δὶς
395 2321 425 2389 δ’
453 2322 590 2409 ἐκάστης
611 2321 749 2408 ἡμέρας,
773 2319 955 2408 ἀρχομένης
977 2320 1009 2387 τ’
1039 2328 1186 2416 αὐτῆςεο

117 2423 173 2493 καὶ
200 2429 298 2494 ὁπότε
325 2431 408 2516 πρὸς
434 2430 543 2496 ὕπνον
572 2432 641 2516 ὥρα
663 2428 861 2517 τρέπεσθαι,
884 2443 1072 2514 μαρτυρεῖν
1096 2447 1146 2524 τῷ

117 2539 188 2618 θεῷ
212 2535 269 2610 τὰς
292 2533 417 2618 δωρεὰς
439 2534 478 2611 ἀς
501 2535 738 2617 ἀπαλλαγεῖσιν
761 2536 874 2612 αὐτοῖς
896 2533 933 2600 ἐκ
954 2542 1013 2618 τῆς
1033 2541 1145 2623 Αἰγυ-

116 2639 220 2701 πτίων
243 2646 303 2720 γῆς
329 2635 489 2723 παρέσχε,
520 2638 649 2714 δικαίας
676 2641 778 2724 οὔσης
800 2642 899 2727 φύσει
922 2648 980 2723 τῆς
1001 2642 1144 2731 εὐχαρι-

116 2744 207 2819 στίας
229 2740 285 2808 καὶ
310 2740 490 2827 γενομένης
513 2739 562 2806 ἐπ’
589 2741 711 2828 ἀμοιβῇ
735 2742 796 2829 μὲν
819 2759 886 2813 τῶν
908 2747 971 2830 ἤδη
996 2757 1141 2832 γεγονό-

115 2875 182 2917 των
205 2847 258 2916 ἐπὶ
286 2845 323 2915 δέ
350 2857 520 2934 προτροπῇ
548 2859 615 2915 τῶν
643 2848 820 2934 ἐσομένων.
866 2854 976 2937 <213>
999 2851 1140 2943 ἐπιγρα.
1156 2877 1182 2918 ετ

115 2981 192 3042 φειν
225 2953 263 3023 δέ
292 2953 348 3023 καὶ
377 2965 446 3032 τοϊς
475 2958 676 3044 θυρώμασιν
703 2957 814 3024 αὐτῶν
844 2961 884 3024 τὰ
913 2956 1054 3043 μέγιστα
1088 2957 1140 3030 ὧν

115 3062 334 3151 εὐηργέτησεν
361 3061 483 3140 αὐτοὺς
506 3063 524 3130 ὁ
546 3067 642 3148 θεός,
670 3066 706 3129 ἐν
729 3088 764 3130 τε
794 3069 968 3152 βραχίοσιν
991 3065 1137 3137 ἕκαστον

114 3171 319 3256 διαφαίνειν·
347 3169 409 3235 ὅσα
436 3193 471 3234 τε
498 3171 560 3255 τὴν
592 3172 689 3255 ἰσχὺν
720 3170 959 3256 ἀποσημαίνειν
990 3173 1137 3243 δύναται

113 3285 173 3340 τοῦ
195 3281 280 3341 θεοῦ
307 3275 362 3342 καὶ
390 3277 451 3361 την
472 3279 555 3363 πρὸς
578 3277 699 3354 αὐτοὺς
721 3278 873 3363 εὔνοιαν,
900 3275 1015 3365 φέρειν
1040 3278 1136 3365 ἐγγε-

184 3418 199 3479 5
219 3418 271 3468 208
286 3440 320 3461 -
334 3416 449 3472 Denter.
467 3417 544 3472 XXII
565 3424 605 3472 11.
692 3421 707 3481 θ
727 3421 778 3471 209
794 3443 828 3462 =
844 3419 956 3472 Denter.
975 3417 1066 3471 XXXI
1088 3427 1132 3480 10.

95 3502 499 3580 §211-Deuter.V118;
525 3506 564 3564 XI
585 3510 627 3562 ιθ.
1046 3542 1048 3545 -
