2460 3848
91 137 147 203 ‚50
468 139 741 192 ΔΡΧΑῙΟΛΟΓΙΑΣ

104 302 246 366 σποίνιον
260 300 280 385 ἦ
295 298 371 385 μηδ’
390 301 474 376 ὅλως
489 298 714 385 ἐπιχωριάζειν
728 299 969 383 ἐκτετιμημένα.
1007 302 1118 384 <244>

104 403 200 484 οὗτος
218 407 440 492 ἀπερχόμενος
453 408 574 495 χρόνῳ,
597 407 653 471 διὰ
672 409 708 473 τὸ
724 402 814 472 Ιείναι
837 408 983 491 χαλεπὴν
1007 407 1119 473 ὁδεύε-

104 520 185 580 σθαι
199 515 259 597 τὴν
268 514 541 594 Μεσοποταμίαν,
555 522 691 596 χειμῶνι
706 508 766 595 μέν
781 512 845 576 ὑπὸ
860 517 976 595 πηλῶν
990 512 1120 595 βάθους

101 611 226 704 θέρους
249 615 282 682 δ’
308 613 365 682 ὑπ’
392 616 568 701 ἀνυδρίας,
591 620 638 682 έτι
661 615 699 682 δέ
721 616 776 683 καὶ
800 621 987 704 λῃστηρίων
1011 620 1118 683 όντων

103 722 140 787 ἐν
163 723 258 808 αὐτῇ,
280 723 302 788 ἃ
321 724 513 808 διαφεύγειν
537 723 598 789 οὐκ
621 721 701 807 ἐνῆν
724 726 769 809 μὴ
792 732 976 809 προνοοῦσι
998 724 1117 788 τούτου
1147 742 1160 782 5

102 839 171 906 τοίς
193 829 383 911 ὁδεύουσιν,
405 829 452 905 είς
473 832 572 895 πόλιν
591 828 775 915 ἀφικνεῖται
799 829 943 913 Χοίρραν.
988 827 1042 893 καὶ
1065 851 1116 910 γε-

102 937 242 1018 νόμενος
256 931 293 999 ἐν
305 945 373 1012 τοῖς
386 938 594 1019 προαστείοις
606 934 788 1021 παρθένοις
802 932 994 1020 ἐντυγχάνει
1008 937 1118 999 πλείο-

103 1026 159 1105 σιν
176 1037 228 1125 ἐφ’
250 1040 342 1127 ύδωρ
362 1043 583 1126 βαδιζούσαις.
629 1043 739 1125 <245>
758 1041 887 1126 εύχεται
906 1038 967 1127 μὲν
986 1034 1048 1104 οὖν
1071 1048 1116 1127 τῷ

101 1152 172 1235 θεῷ
190 1143 373 1232 Ῥεβέκκαν,
395 1148 438 1231 ἣν
461 1156 505 1234 τῷ
529 1145 624 1212 παιδὶ
638 1145 806 1232 ’Ἅβραμος
829 1140 1118 1231 μνηστευσόμενον

102 1252 205 1319 αὐτὸν
229 1251 477 1337 ἐξαπέσταλκεν,
500 1254 531 1318 εί
547 1255 629 1319 κατδι
647 1262 731 1320 νοῦν
755 1256 813 1319 τὸν
836 1253 941 1318 αὐτοῦ
964 1250 1075 1338 μέλλει
1099 1253 1159 1318 610

102 1358 206 1442 γύμος
224 1355 321 1436 οὗτος
340 1365 583 1442 συντελεῖσθαι,
603 1358 639 1424 ἐν
659 1357 799 1436 ἐκείναις
818 1359 1011 1443 εὑρεθῆναι,
1034 1382 1118 1440 γνω-

103 1468 265 1549 ρισθηναί
284 1463 312 1530 τ’
340 1465 444 1549 αὐτὴν
463 1476 530 1530 τῶν
549 1462 610 1550 μὲν
628 1466 739 1530 ἄλλων
763 1466 910 1530 αἰτοῦντι
934 1467 1037 1530 ποτὸν
1061 1463 1118 1550 ἀρ-

69 1568 294 1655 ννουμένων,
322 1570 448 1655 ἐκείνης
471 1568 503 1635 δ’
531 1571 619 1658 αὐτῷ
642 1571 884 1657 παρασχούσης.
931 1571 1040 1653 <246>
1063 1568 1118 1634 καὶ

101 1674 120 1740 δ
142 1671 204 1759 μὲν
227 1674 280 1742 ἐπὶ
298 1679 417 1761 ταύτης
436 1677 483 1742 ὢν
497 1685 553 1760 τῆς
577 1678 726 1753 διανοίας
749 1675 801 1742 ἐπὶ
824 1679 860 1741 τὸ
884 1675 990 1763 φρέαρ
1014 1698 1118 1760 παρα-

101 1784 247 1867 γίνεται,
283 1781 337 1848 καὶ
373 1788 556 1867 παρακαλεῖ
585 1784 642 1859 τὰς
672 1780 863 1869 παρθένους
894 1786 996 1849 ποτὸν
1026 1783 1114 1869 αὐτῷ
1132 1801 1157 1841 15

100 1898 290 1973 παρασχεῖν.
335 1898 402 1952 τῶν
422 1885 452 1951 δ’
470 1886 717 1973 ἐκτρεπομένων
737 1889 782 1965 ὡς
794 1892 985 1974 χρηζουσῶν
1005 1890 1118 1954 οίκαδε

100 1995 245 2077 κομίζειν
282 1991 353 2058 ἀλλ’
389 1993 450 2059 οῦκ
483 1993 598 2082 ἐκείνω
629 2005 810 2079 παρασχεῖν
843 1994 912 2080 (καὶ
943 1996 1006 2081 γδρ
1039 1994 1114 2060 οὐδ’

100 2100 265 2184 εὔληπτον
296 2094 382 2165 εἶναι
409 2103 446 2166 τὸ
469 2100 592 2187 ὕδωρ),
624 2104 682 2185 μία
705 2099 738 2178 ἐξ
763 2100 898 2167 ἁπασῶν
920 2100 1060 2177 ἐκείναις
1083 2123 1117 2165 τε

101 2213 159 2287 τῆς
181 2208 264 2290 πρὸς
286 2209 345 2271 τὸν
363 2206 460 2285 ξένον
483 2207 669 2293 ἐπιπλήττει
688 2209 876 2289 δυσκολίας,
901 2211 991 2283 τίνος
1013 2207 1136 2271 ἀλλου-

101 2314 318 2394 κοινωνήσειν
336 2316 418 2399 πρδς
432 2313 632 2399 ἀνθρώπους
650 2313 751 2390 αὐτός
768 2334 857 2393 ποτε,
882 2314 913 2376 εί
930 2310 1008 2396 μηδ’
1036 2313 1118 2376 ύδα-
1133 2331 1159 2369 20

101 2441 156 2494 τος
174 2416 367 2503 μετέδοσαν,
391 2416 544 2501 λέγουσα,
567 2417 622 2484 καὶ
635 2417 768 2503 παρέχει
787 2416 874 2502 αύτῷ
894 2419 1117 2499 φιλοφρόνως.

102 2524 210 2607 <247>
236 2524 253 2589 δ
278 2520 308 2588 δ’
336 2522 373 2588 ἐν
397 2522 505 2588 ε’λπίδι
529 2521 590 2607 μὲν
613 2535 680 2588 τῶν
703 2523 791 2587 όλων
814 2523 1007 2603 γενόμενος,
1037 2524 1116 2603 βου-

101 2633 240 2714 λόμενος
264 2625 301 2693 δέ
323 2630 385 2712 τὴν
408 2628 569 2713 ἀληθειαν
592 2634 726 2712 μαθεῖν,
749 2623 863 2712 ἐπῄνει
890 2650 923 2690 τε
947 2635 1003 2709 τῆς
1025 2628 1117 2710 εὐγε-
1143 2665 1153 2680 ·

100 2739 191 2812 νείας
213 2735 318 2817 αὐτὴν
340 2729 470 2816 καὶτῆς
494 2737 724 2820 χρηστότητος,
747 2733 797 2798 ότι
820 2731 875 2798 καὶ
895 2731 963 2819 μετ’
992 2736 1116 2799 οίκείου

101 2845 209 2908 πόνου
233 2852 302 2918 τοῖς
325 2836 494 2923 δεομένοις
524 2840 678 2927 ἐπαρκεῖν
701 2841 762 2907 ούκ
785 2820 941 2926 ἐφέυγεν,
970 2833 1116 2905 ἐπυνθύ-
1132 2859 1158 2899 25

100 2953 177 3014 νετό
191 2972 224 3014 τε
239 2951 340 3013 τίνων
359 2951 410 3030 είη
428 2944 568 3030 γονέων,
591 2944 645 3011 καὶ
659 2949 848 3033 κατεύχεται
867 2948 979 3023 αὐτοῖς
998 2950 1115 3031 όνησιν

101 3057 254 3139 τοιαύτης
276 3056 406 3130 παιδός·
434 3056 492 3117 καί
512 3053 769 3138 “νυμφεύσειαν’
793 3058 896 3139 φησίν
921 3053 981 3130 εὡς
1004 3053 1116 3130 αὐτοῖς

101 3156 170 3223 ἐστὶ
192 3156 450 3243 κεχαρισμένον,
476 3158 524 3233 είς
551 3154 644 3224 οίκον
674 3157 796 3244 ἀνδρὸς
818 3158 969 3242 ἀγαθοῦ,
996 3161 1115 3236 παῖδας

101 3264 188 3350 αὐτῷ
213 3255 391 3348 τεξομένην
414 3264 594 3347 γνησίους.’
642 3266 750 3347 <248>
774 3264 795 3347 ἢ
819 3261 856 3328 δέ
886 3261 965 3329 οὐδὲ
988 3267 1115 3330 τούτων

101 3369 290 3455 ἐφθόνησεν
312 3370 399 3458 αύτῷ
419 3369 612 3459 βουλομένῳ
631 3377 765 3456 μαθεῖν,
789 3369 871 3434 ἀλλὰ
891 3369 945 3435 καὶ
963 3374 1000 3436 τὸ
1019 3369 1115 3454 γένος
1129 3390 1157 3430 30

172 3490 389 3556 ςοιεεσεη.
409 3491 500 3546 XXIV
521 3499 562 3552 10.
