2460 3848
124 135 188 204 178
490 139 764 191 εεωοεουυω

122 303 192 385 λαοῦ
215 295 270 364 καὶ
288 299 388 366 θύειν
406 297 584 384 προσέταξε
607 300 689 365 κατὰ
713 300 866 384 δύναμιν.
913 298 1033 384 <207>
1060 305 1100 369 οἳ
1120 299 1150 368 δ’

122 403 278 490 ἀλληλοις
300 404 523 491 ἁμιλλώμενοι
545 403 601 473 καὶ
618 405 839 490 ὑπερβάλλειν
862 409 1151 493 φιλοτιμούμενοι

121 511 179 589 τὰς
200 515 323 589 θυσίας
345 511 384 590 δς
406 511 541 589 ἕκαστος
564 509 726 598 ἐπιφέροι,
748 523 817 589 τοῖς
839 509 1040 597 λεγομένοις
1064 515 1149 600 ὑπῆ-

118 640 232 684 κουον.
278 616 492 703 ἐπικειμένων
516 614 554 684 δέ
576 629 643 683 τῶν
667 619 796 703 ίερείων
818 625 864 706 τῷ
887 621 1006 706 βωμῷ,
1032 622 1148 705 αἰφνί

119 723 194 787 διον
227 721 260 801 ἐξ
293 723 403 789 αὐτῶν
434 734 501 809 πῦρ
529 723 666 809 ἀνήφθη
695 724 902 808 αὐτόματον,
934 721 992 790 καλ
1023 725 1166 810 ὅμοιονι

119 825 285 912 ἀστραπῆς
303 832 491 914 λαμπηδόνι
505 829 677 915 δρώμενον
695 839 734 915 τῆ
753 827 853 915 φλογὶ
867 826 963 896 πάντ’
987 830 1144 900 ἐδαπάνα

116 933 156 998 τὰ
180 931 233 998 ἐπὶ
255 945 316 1000 τοῦ
339 939 463 1020 βωμοῦ.

82 1054 97 1102 7
185 1039 295 1124 <208>
314 1039 438 1127 συνέβη
458 1038 496 1108 δέ
514 1040 568 1109 καὶ
588 1039 729 1128 Ἀαρῶνι
748 1040 904 1128 συμφορά
926 1065 976 1119 τις
1001 1043 1040 1110 ἐκ
1064 1047 1142 1111 τού-

116 1167 189 1229 του,
212 1146 412 1236 λογιζομένῳ
435 1149 479 1226 ὡς
497 1146 547 1215 ἐπ’
570 1148 740 1238 ἀνθρώπω
762 1146 817 1214 καὶ
839 1150 950 1233 πατρί,
972 1156 1141 1231 γενναίως

117 1246 147 1317 δ’
174 1247 231 1316 ὑπ’
258 1253 361 1318 αὐτοῦ
388 1260 645 1339 καρτερηθεῖσα,
672 1255 722 1320 ὅτι
749 1252 804 1321 καὶ
826 1256 887 1339 τῆν
917 1256 1031 1339 ψυχὴν
1055 1260 1140 1343 πρὸς
1152 1276 1172 1315 1⁰

115 1357 155 1422 τδι
185 1364 413 1443 συμπίπτοντα
441 1364 576 1446 στερρὸς
601 1357 660 1446 ῆν,
689 1359 744 1428 καὶ
771 1362 852 1427 κατὰ
879 1362 1047 1445 βούλησιν
1076 1374 1138 1430 τοῦ

112 1469 199 1531 θεοῦ
217 1465 328 1550 ῆγεῖτο
346 1468 383 1534 τὸ
397 1466 507 1544 πάθος
524 1466 706 1551 γεγονέναι.
752 1467 860 1551 <209>
879 1476 946 1532 τῶν
965 1467 1031 1553 γάρ
1051 1470 1138 1535 υίῶν

114 1569 218 1637 αὐτοῦ
240 1573 404 1658 τεττάρων
427 1575 551 1657 όντων,
581 1559 625 1650 ὧς
646 1584 822 1658 προεῖπον,
846 1573 908 1641 δύο
932 1572 968 1636 οί
988 1577 1138 1659 πρεσβύ-

113 1700 202 1761 τεροι
220 1679 380 1764 Νάβαδος
402 1676 457 1744 καὶ
477 1676 618 1764 Ἀβιοῦς,
641 1682 836 1763 κομίσαντες
859 1676 912 1744 ε’πὶ
933 1679 993 1744 τὸν
1016 1683 1137 1765 βωμὸν

113 1782 174 1868 οὐχ
193 1777 241 1849 ὧν
258 1796 416 1869 προεῖπεν
434 1788 583 1868 Μωυσῆς
605 1786 795 1869 θυωμάτων
816 1781 888 1850 ἀλλ’
911 1775 961 1860 οἷς
985 1783 1135 1871 ἐχρῶντο
1150 1806 1172 1845 1⁵

112 1891 292 1974 πρότερον,
319 1891 593 1974 κατεκαύθησαν,
624 1901 684 1957 τοῦ
711 1894 816 1977 πυρὸς
844 1887 894 1957 ἐπ’
921 1888 1044 1968 αὐτοὺς
1073 1895 1136 1977 τῆν

112 1993 220 2078 ὁρμὴν
244 1999 403 2080 λαβόντος
429 1993 484 2061 καὶ
510 1997 550 2061 τά
581 1994 700 2082 στέρνα
727 1994 784 2063 καὶ
806 1998 846 2062 τά
868 2000 1029 2082 πρόσωπα
1054 1997 1136 2082 φλέ-

111 2124 183 2183 γειν
216 2101 325 2168 αὐτῶν
365 2101 572 2188 ἀρξαμένου,
604 2101 659 2169 καὶ
696 2101 811 2188 σβέσαι
849 2104 992 2186 μηδενὸς
1028 2103 1136 2170 δυνα-

110 2205 223 2291 μένου.
269 2210 377 2294 <210>
410 2207 465 2276 καὶ
497 2213 532 2276 οἳ
566 2206 627 2294 μὲν
660 2209 764 2286 οὕτως
795 2207 985 2291 ἀπέθανον,
1021 2212 1134 2277 Μωυ-

111 2323 170 2397 σῆς
193 2311 230 2379 δὲ
252 2316 380 2380 κελεύει
407 2318 466 2380 τὸν
495 2313 619 2401 πατέρα
647 2315 757 2381 αὐτῶν
780 2313 834 2380 καὶ
858 2317 937 2391 τοὺς
960 2312 1132 2399 ἀδελφοὺς
1146 2337 1172 2376 νο

108 2421 335 2502 βαστάσαντας
358 2422 397 2486 τά
420 2423 554 2504 σώματα
577 2420 632 2486 καὶ
655 2426 853 2506 κομίσαντας
877 2430 933 2504 τῆς
959 2427 1131 2506 παρεμβο-

108 2529 167 2607 λῆς
194 2523 255 2601 ἐξω
287 2525 397 2602 θάψαι
425 2530 688 2610 μεγαλοπρεπῶς.
734 2533 855 2594 πενθεῖ
880 2522 910 2592 δ’
927 2527 1059 2604 ἀὐτοὺς
1091 2534 1130 2596 τὸ

107 2632 257 2712 πλῆθος,
288 2634 436 2714 χαλεπῶς
468 2629 521 2695 ἐπὶ
553 2639 597 2718 τῷ
626 2633 762 2722 θανάτῳ
790 2634 878 2719 παρὰ
908 2631 1009 2711 δόξαν
1038 2635 1129 2702 οὕτω

107 2731 317 2822 γεγενημένῳ
342 2732 509 2801 διατεθέν·
534 2735 643 2820 <211>
668 2742 791 2821 μόνους
815 2735 852 2803 δὲ
874 2743 1025 2824 Μωυσῆς
1047 2744 1130 2820 τοὺς

107 2840 273 2927 ἀδελφούς
291 2841 401 2907 αὐτῶν
419 2838 551 2908 καὶτὸν
573 2841 697 2929 πατέρα
715 2846 759 2929 μῆ
778 2848 967 2929 φροντίζειν
990 2854 1047 2928 τῆς
1070 2846 1122 2913 ἐπ’
1142 2866 1170 2906 2⁵

107 2948 220 3027 αὐτοῖς
243 2950 348 3034 λύπης
375 2946 509 3032 ῆξίωσε,
535 2953 777 3035 προκρίναντας
803 2952 864 3035 τῆν
887 2953 935 3027 είς
957 2953 1016 3017 τὸν
1039 2955 1126 3020 θεὸν

105 3055 204 3139 τιμῆν
231 3065 292 3121 τοῦ
319 3052 395 3140 περὶ
423 3054 544 3132 αὐτοὺς
571 3062 788 3147 σκυθρωποῦ·
820 3058 884 3142 ῆδη
910 3056 973 3142 γάρ
994 3054 1126 3144 Ἀαρδνν

105 3158 161 3224 καὶ
183 3162 244 3245 τῆν
268 3162 390 3245 στολὴν
412 3161 473 3244 τὴν
497 3161 589 3247 ίερδν
612 3163 783 3248 ἠμφίεστο.

68 3279 86 3328 8
173 3264 282 3346 <212>
310 3269 460 3349 Μωυσῆς
492 3269 533 3352 δῆ
561 3278 671 3334 πᾶσαν
698 3270 796 3352 τιμῆν
823 3270 1124 3356 παραιτησάμενος,

104 3369 146 3455 ἣν
165 3357 252 3455 ἑώρα
270 3373 308 3437 τδ
325 3377 455 3456 πλῆθος
472 3374 561 3464 αὐτῷ
585 3373 740 3461 παρέχειν
763 3374 907 3459 ἕτοιμον,
930 3377 1012 3462 πρὸς
1034 3379 1122 3464 μόνη
1138 3398 1167 3436 οο

170 3497 188 3559 ς
207 3497 260 3548 νον
276 3518 310 3538 2·
323 3493 413 3551 Levit.
432 3495 471 3550 1x
491 3501 534 3553 ει.
609 3502 624 3563 ς
643 3502 696 3552 κοε
711 3521 746 3563 ÷=
759 3494 852 3550 μου,
867 3495 896 3547 x
913 3502 940 3547 x.
