2460 3848
116 166 183 231 284
486 167 760 220 APxAIOAorlAz

116 331 263 413 πατρίων
283 329 374 396 έθῶν
393 329 430 394 ἐν
448 330 554 418 τούιφ
577 330 670 417 μόνφ
693 331 886 413 βλαφθῆναι
909 325 968 392 καὶ
984 332 1152 414 Μωυσῆν

117 434 231 513 αὐτοῖς
265 438 330 520 ήδη
366 446 538 521 προειπεῖν
575 432 630 499 καὶ
666 430 756 500 τοῦτ’
796 432 896 510 αύιὸς
930 438 1150 519 πεπεῖσθαι).

117 543 205 625 <91>
231 538 287 608 καί
318 550 387 618 τοῖς
414 544 571 617 Λευίταις
602 537 640 606 δὲ
671 542 729 618 τὰς
761 540 846 606 ὀκτὼ
875 537 931 606 καὶ
959 543 1151 624 τριάκοντα

116 651 229 723 πόλεις
255 645 467 711 ἀποδιδόναι·
499 650 747 733 προειλήφεσαν
775 647 838 733 γάρ
868 647 933 732 ήδη
963 649 1051 713 κατὰ
1084 652 1148 735 τήν

114 749 293 837 Ἀμοραίαυ
319 752 377 828 τάς
405 749 494 819 δέκα.
539 755 667 819 τούτων
690 763 778 839 τρεῖς
801 750 958 838 ἀπονέμει
981 763 1056 832 τοῖς
1080 768 1172 841 φοι-5

119 857 216 941 φάσιν
249 859 354 924 οίκεῖν
386 857 424 924 έν
456 859 571 937 αὐταῖς
602 856 723 946 (πολλή
751 860 814 944 γὰρ
842 855 885 944 ἦν
912 857 1059 944 πρόνοια
1083 871 1147 928 τοῦ

117 959 224 1046 μηδὲν
252 957 300 1028 ὧν
323 969 473 1049 Μωυσῆς
501 962 627 1043 διέταξε
654 962 884 1050 παραλιπεῖν),
910 972 967 1047 τῆς
990 961 1055 1048 μὲν
1080 962 1146 1034 οὖν

115 1065 225 1134 Ἰούδα
248 1075 356 1155 φυλῆς
375 1075 547 1157 Χεβρῶνα,
570 1075 694 1155 Σίκιμα
718 1066 756 1135 δὲ
778 1078 836 1153 τῆς
854 1067 1053 1156 Ἐφραΐμου,
1079 1076 1145 1138 Ks-

118 1172 222 1259 δέσην
246 1172 284 1241 δὲ
306 1185 364 1260 τῆς
390 1179 653 1260 Νεφθαλίτιδος·
682 1178 751 1242 ἔστι
782 1172 819 1241 δὲ
842 1185 899 1259 τῆς
920 1178 1145 1263 καθύπερθεν

119 1283 299 1359 Γαλιλαίας
327 1291 425 1348 τοῦτο
455 1284 493 1348 τδ
520 1285 652 1368 χωρίον.
699 1280 786 1366 <92>
813 1279 906 1366 νέμει
934 1278 971 1348 δὲ
1001 1280 1058 1348 καὶ
1084 1296 1145 1371 τῆς
1158 1299 1181 1338 1⁰

119 1390 209 1464 λείας
228 1385 278 1453 ὅσ’
301 1383 343 1472 ἦν
362 1390 410 1455 ἔτι
429 1389 540 1454 λοιπά·
563 1390 698 1472 πλείστη
724 1384 754 1453 δ’
777 1386 936 1472 ἐγεγόνει,
959 1386 1015 1454 καὶ
1039 1393 1144 1476 μεγά-

120 1497 199 1570 λους
216 1495 381 1570 πλούτους
396 1490 653 1578 περιεβέβληντο
670 1490 726 1558 καὶ
742 1502 838 1578 κοινῆ
854 1493 974 1583 πάντες
991 1493 1050 1561 καὶ
1068 1495 1140 1563 κατ’

120 1601 210 1665 ίδίαν
224 1599 370 1682 ἕκαστος,
393 1607 519 1684 χρυσοῦ
537 1621 572 1664 τε
594 1596 649 1663 καὶ
667 1597 817 1684 άρμύρου
836 1597 890 1664 καὶ
910 1597 1065 1684 ἐσθήτων
1086 1604 1144 1670 καὶ

118 1713 175 1787 τῆς
204 1707 305 1789 ἄλλης
328 1704 512 1789 ἀποσκευῆς
534 1703 650 1789 ἕνεκα,
677 1707 889 1790 τετραπόδων
913 1701 951 1770 δὲ
973 1711 1145 1795 πλήθους,

119 1811 208 1875 ὅσον
232 1807 306 1875 οὐδ’
333 1809 480 1896 ἀριθμὸν
502 1816 626 1894 μαθεῖν
649 1806 704 1894 ἦν,
726 1808 1006 1894 προσγενομένου.
1158 1829 1182 1869 1⁵

86 1931 101 1978 5
189 1916 277 1999 <93>
296 1917 377 2000 μετὰ
397 1917 438 2000 δή
462 1924 565 1980 ταῦτα
588 1916 788 1999 συναγαγὼν
806 1918 854 1992 είς
877 1915 1056 2000 ἐκκλησίαν
1079 1924 1143 1989 τὸν

119 2023 261 2106 στρατὸν
284 2033 353 2100 τοῖς
379 2018 463 2105 ὑπὲρ
491 2024 550 2088 τὸν
570 2018 746 2108 Ἰορδάνην
772 2023 855 2088 κατὰ
877 2023 938 2105 τήν
957 2019 1144 2110 Ἀμοραίαν

121 2127 312 2213 ἱδρυμένοις
345 2129 622 2216 (συνεστράτευον
656 2125 686 2194 δ’
722 2129 835 2205 αὐτοῖς
864 2133 1142 2219 πεντακισμύριοι

120 2233 265 2320 ὁπλῖται)
290 2234 378 2314 ἔλεξε
400 2236 488 2302 τάδε.
535 2233 623 2301 ‘ml
646 2235 664 2302 δ
687 2237 783 2319 θεός,
810 2237 916 2322 πατήρ
940 2234 995 2301 καὶ
1019 2238 1142 2304 δεσπό-

120 2364 177 2423 της
205 2350 265 2406 τοῦ
292 2340 456 2428 Ἑβραίων
484 2341 620 2426 μένους,
647 2351 710 2427 γῆν
738 2365 772 2406 τε
800 2343 985 2424 κτήσασθαι
1013 2347 1141 2430 ταύτην
1156 2360 1183 2400 ²⁰

120 2448 243 2529 ἔδακε,
278 2445 334 2513 καὶ
366 2454 548 2531 κτηθεῖσαν
584 2450 631 2525 είς
663 2449 752 2513 ἅπαν
782 2446 944 2534 ἡμετέραν
976 2450 1140 2534 φυλάξειν

118 2549 318 2634 ὑπέσχηται,
354 2552 440 2634 <94>
473 2557 649 2638 συνεργίας
681 2549 718 2617 δέ
750 2561 807 2635 τῆς
833 2551 909 2638 παρ’
936 2554 1031 2639 ὑμῶν
1062 2555 1136 2622 κατ’

120 2653 259 2738 ἐντολήν
277 2656 338 2738 τήν
358 2655 487 2722 ἐκείνου
508 2657 678 2741 δεομένοις
696 2656 817 2734 αὖτοὺς
835 2661 882 2734 είς
904 2661 1034 2726 ἅπαντα
1056 2684 1140 2747 προ-

120 2761 251 2845 θύμους
274 2759 434 2846 ἐδώκατε,
458 2763 589 2828 δίκαιον
612 2762 708 2847 ὑμᾶς,
732 2764 874 2847 μηδενὸς
897 2767 945 2829 ἔτι
969 2768 1140 2834 δυσκόλου

119 2865 365 2954 περιμένοντος,
389 2866 604 2944 ἀναπαύσεως
621 2868 684 2953 ήδη
709 2878 820 2954 τυχεῖν
843 2871 958 2953 φειδοῖ
978 2881 1035 2955 τῆς
1056 2895 1139 2958 προ·
1154 2890 1182 2930 2⁵

119 2977 244 3057 θυμίας
269 2973 380 3057 ὑμῶν,
408 2970 452 3038 ἵν’
480 2975 512 3037 εί
537 2971 593 3039 καὶ
620 2975 721 3040 πάλιν
749 2977 899 3058 δεήσειεν
921 2976 1002 3060 ἡμῖν
1025 2978 1139 3064 αὐτῆς,

120 3079 243 3144 άοκνον
271 3082 397 3163 ἔχωμεν
423 3080 471 3155 είς
497 3079 537 3143 τά
565 3078 796 3158 κατεπείξοντα
823 3078 878 3145 καὶ
905 3082 949 3165 μή
980 3091 1050 3159 τοῖς
1072 3093 1139 3149 νῦν

118 3193 290 3266 καμοῦσαν
309 3178 409 3261 αὖθις
427 3184 645 3272 βραδυτέραν.
690 3187 777 3269 <95>
796 3187 889 3272 χάρις
911 3210 946 3252 τε
970 3183 1033 3254 οὖν
1056 3187 1146 3272 ὑμῖν

120 3282 167 3353 ὧν
191 3292 383 3372 συνήρασθε
411 3292 600 3373 κινδύνων,
629 3289 685 3356 καὶ
708 3289 783 3377 ούχδ
813 3301 877 3358 νῦν
900 3296 1024 3380 μόνον,
1052 3294 1138 3361 άλλά

118 3394 166 3470 είς
189 3395 276 3459 άπαν
307 3395 412 3473 οὕτως
434 3396 566 3481 ἕξομεν,
594 3399 687 3474 ὄντες
709 3396 832 3480 ἀγαθοὶ
856 3409 1045 3484 μεμνῆσθαι
1067 3414 1136 3467 τῶν
1151 3419 1178 3459 ⁸0

191 3517 376 3583 §90=Ios.
396 3517 487 3572 XXIII
508 3526 530 3574 l.
604 3518 788 3584 §93=Ios.
807 3519 885 3573 XXII
905 3527 927 3574 1.
