<?xml version="1.0" encoding="UTF-8"?>
<!DOCTYPE html PUBLIC "-//W3C//DTD XHTML 1.0 Transitional//EN"
    "http://www.w3.org/TR/xhtml1/DTD/xhtml1-transitional.dtd">
<html xmlns="http://www.w3.org/1999/xhtml" xml:lang="en" lang="en">
 <head>
  <title>
</title>
<meta http-equiv="Content-Type" content="text/html;charset=utf-8" />
  <meta name='ocr-system' content='tesseract 3.04.00' />
  <meta name='ocr-capabilities' content='ocr_page ocr_carea ocr_par ocr_line ocrx_word'/>
</head>
<body>
  <div class='ocr_page' id='page_1' title='image "./operaomniaposti01nabegoog_0286.png"; bbox 0 0 2460 3848; ppageno 0'>
   <div class='ocr_carea' id='block_1_1' title="bbox 103 166 743 232">
    <p class='ocr_par' dir='ltr' id='par_1_1' title="bbox 103 166 743 232">
     <span class='ocr_line' id='line_1_1' title="bbox 103 166 743 232; baseline -0.002 -14"><span class='ocrx_word' id='word_1_1' title='bbox 103 166 170 232; x_wconf 82' lang='grc'><strong><em>234</em></strong></span> <span class='ocrx_word' id='word_1_2' title='bbox 472 166 743 220; x_wconf 79' lang='grc' dir='ltr'><strong>ΔΡΧΔΙΟΔΟΓῙΑΣ</strong></span> 
     </span>
    </p>
   </div>
   <div class='ocr_carea' id='block_1_2' title="bbox 66 320 1160 3490">
    <p class='ocr_par' dir='ltr' id='par_1_2' title="bbox 66 320 1160 3490">
     <span class='ocr_line' id='line_1_2' title="bbox 66 320 1125 415; baseline -0.006 -19"><span class='ocrx_word' id='word_1_3' title='bbox 66 347 83 396; x_wconf 78' lang='grc' dir='ltr'><strong><em>ε</em></strong></span> <span class='ocrx_word' id='word_1_4' title='bbox 168 329 279 414; x_wconf 88' lang='grc'>&lt;166&gt;</span> <span class='ocrx_word' id='word_1_5' title='bbox 305 327 368 394; x_wconf 89' lang='grc' dir='ltr'><strong><em>κάν</em></strong></span> <span class='ocrx_word' id='word_1_6' title='bbox 395 328 502 415; x_wconf 76' lang='grc' dir='ltr'><strong><em>τούτῳ</em></strong></span> <span class='ocrx_word' id='word_1_7' title='bbox 531 327 594 391; x_wconf 90' lang='grc' dir='ltr'><strong><em>δύο</em></strong></span> <span class='ocrx_word' id='word_1_8' title='bbox 621 323 725 410; x_wconf 84' lang='grc' dir='ltr'><strong><em>φυλαὶ</em></strong></span> <span class='ocrx_word' id='word_1_9' title='bbox 752 327 784 390; x_wconf 89' lang='grc' dir='ltr'><strong>Γ</strong></span> <span class='ocrx_word' id='word_1_10' title='bbox 780 325 865 390; x_wconf 91' lang='grc' dir='ltr'><strong><em>άδου</em></strong></span> <span class='ocrx_word' id='word_1_11' title='bbox 892 346 926 389; x_wconf 90' lang='grc' dir='ltr'><strong><em>τε</em></strong></span> <span class='ocrx_word' id='word_1_12' title='bbox 954 321 1013 390; x_wconf 85' lang='grc' dir='ltr'><strong><em>καὶ</em></strong></span> <span class='ocrx_word' id='word_1_13' title='bbox 1031 320 1125 390; x_wconf 89' lang='grc' dir='ltr'><strong><em>Ῥου-</em></strong></span> 
     </span>
     <span class='ocr_line' id='line_1_3' title="bbox 102 431 1125 523; baseline -0.008 -20"><span class='ocrx_word' id='word_1_14' title='bbox 102 438 208 523; x_wconf 91' lang='grc' dir='ltr'><strong><em>βήλου</em></strong></span> <span class='ocrx_word' id='word_1_15' title='bbox 235 432 291 501; x_wconf 82' lang='grc' dir='ltr'><strong><em>καὶ</em></strong></span> <span class='ocrx_word' id='word_1_16' title='bbox 318 442 376 518; x_wconf 90' lang='grc' dir='ltr'><strong><em>τῆς</em></strong></span> <span class='ocrx_word' id='word_1_17' title='bbox 396 433 648 508; x_wconf 79' lang='grc' dir='ltr'><strong><em>Μανασσίτιδος</em></strong></span> <span class='ocrx_word' id='word_1_18' title='bbox 674 431 825 515; x_wconf 87' lang='grc' dir='ltr'><strong><em>ήμίσεια,</em></strong></span> <span class='ocrx_word' id='word_1_19' title='bbox 855 431 979 514; x_wconf 88' lang='grc' dir='ltr'><strong><em>πλήθει</em></strong></span> <span class='ocrx_word' id='word_1_20' title='bbox 1009 453 1125 516; x_wconf 88' lang='grc' dir='ltr'><strong><em>τετρα-</em></strong></span> 
     </span>
     <span class='ocr_line' id='line_1_4' title="bbox 102 536 1125 624; baseline -0.008 -15"><span class='ocrx_word' id='word_1_21' title='bbox 102 544 216 608; x_wconf 91' lang='grc' dir='ltr'><strong><em>πόδων</em></strong></span> <span class='ocrx_word' id='word_1_22' title='bbox 244 541 521 624; x_wconf 75' lang='grc' dir='ltr'><strong><em>εὐδαιμονοῦντες</em></strong></span> <span class='ocrx_word' id='word_1_23' title='bbox 547 536 603 603; x_wconf 79' lang='grc' dir='ltr'><strong><em>καὶ</em></strong></span> <span class='ocrx_word' id='word_1_24' title='bbox 629 548 699 614; x_wconf 89' lang='grc' dir='ltr'><strong><em>τοῖς</em></strong></span> <span class='ocrx_word' id='word_1_25' title='bbox 726 539 839 614; x_wconf 85' lang='grc' dir='ltr'><strong><em>ἀλλοις</em></strong></span> <span class='ocrx_word' id='word_1_26' title='bbox 861 536 982 618; x_wconf 80' lang='grc' dir='ltr'><strong><em>ἅπασι,</em></strong></span> <span class='ocrx_word' id='word_1_27' title='bbox 1010 558 1125 602; x_wconf 91' lang='grc' dir='ltr'><strong><em>κοινο-</em></strong></span> 
     </span>
     <span class='ocr_line' id='line_1_5' title="bbox 102 640 1126 733; baseline -0.01 -17"><span class='ocrx_word' id='word_1_28' title='bbox 102 647 324 733; x_wconf 89' lang='grc' dir='ltr'><strong><em>λογησάμενοι</em></strong></span> <span class='ocrx_word' id='word_1_29' title='bbox 341 644 551 731; x_wconf 77' lang='grc' dir='ltr'><strong><em>παρεκάλουν</em></strong></span> <span class='ocrx_word' id='word_1_30' title='bbox 568 646 629 710; x_wconf 84' lang='grc' dir='ltr'><strong><em>τὸν</em></strong></span> <span class='ocrx_word' id='word_1_31' title='bbox 647 647 801 727; x_wconf 86' lang='grc' dir='ltr'><strong><em>Μωυσῆν</em></strong></span> <span class='ocrx_word' id='word_1_32' title='bbox 820 640 989 727; x_wconf 75' lang='grc' dir='ltr'><strong><em>ἐξαίρετον</em></strong></span> <span class='ocrx_word' id='word_1_33' title='bbox 1008 641 1126 720; x_wconf 84' lang='grc' dir='ltr'><strong><em>αὐτοῖς</em></strong></span> 
     </span>
     <span class='ocr_line' id='line_1_6' title="bbox 101 742 1149 839; baseline -0.012 -19"><span class='ocrx_word' id='word_1_34' title='bbox 101 756 162 839; x_wconf 80' lang='grc' dir='ltr'><strong><em>τήν</em></strong></span> <span class='ocrx_word' id='word_1_35' title='bbox 185 751 363 838; x_wconf 75' lang='grc' dir='ltr'><strong><em>Ἀμωρῖτιν</em></strong></span> <span class='ocrx_word' id='word_1_36' title='bbox 390 761 571 837; x_wconf 77' lang='grc' dir='ltr'><strong><em>παρασχεῖν</em></strong></span> <span class='ocrx_word' id='word_1_37' title='bbox 602 751 797 836; x_wconf 78' lang='grc' dir='ltr'><strong><em>δορίκτητον</em></strong></span> <span class='ocrx_word' id='word_1_38' title='bbox 826 742 950 814; x_wconf 74' lang='grc' dir='ltr'><strong><em>οὖσαν·</em></strong></span> <span class='ocrx_word' id='word_1_39' title='bbox 985 746 1149 833; x_wconf 80' lang='grc' dir='ltr'><strong><em>ἀγαθῆνε</em></strong></span> 
     </span>
     <span class='ocr_line' id='line_1_7' title="bbox 102 850 1125 945; baseline -0.003 -21"><span class='ocrx_word' id='word_1_40' title='bbox 102 861 165 945; x_wconf 81' lang='grc' dir='ltr'><strong><em>γάρ</em></strong></span> <span class='ocrx_word' id='word_1_41' title='bbox 189 853 274 924; x_wconf 77' lang='grc' dir='ltr'><strong><em>εἶναι</em></strong></span> <span class='ocrx_word' id='word_1_42' title='bbox 297 858 489 942; x_wconf 77' lang='grc' dir='ltr'><strong><em>βοσκήματα</em></strong></span> <span class='ocrx_word' id='word_1_43' title='bbox 515 853 659 942; x_wconf 79' lang='grc' dir='ltr'><strong><em>τρέφειν.</em></strong></span> <span class='ocrx_word' id='word_1_44' title='bbox 704 856 814 940; x_wconf 79' lang='grc'>(167)</span> <span class='ocrx_word' id='word_1_45' title='bbox 837 855 856 920; x_wconf 83' lang='grc' dir='ltr'><strong><em>δ</em></strong></span> <span class='ocrx_word' id='word_1_46' title='bbox 880 850 911 919; x_wconf 87' lang='grc' dir='ltr'><strong><em>δ’</em></strong></span> <span class='ocrx_word' id='word_1_47' title='bbox 938 853 1125 938; x_wconf 81' lang='grc' dir='ltr'><strong><em>ὑπολαβὼν</em></strong></span> 
     </span>
     <span class='ocr_line' id='line_1_8' title="bbox 101 960 1125 1049; baseline -0.004 -19"><span class='ocrx_word' id='word_1_48' title='bbox 101 966 224 1042; x_wconf 83' lang='grc' dir='ltr'><strong><em>αὐτοὺς</em></strong></span> <span class='ocrx_word' id='word_1_49' title='bbox 245 966 419 1042; x_wconf 75' lang='grc' dir='ltr'><strong><em>δείσαντας</em></strong></span> <span class='ocrx_word' id='word_1_50' title='bbox 441 965 503 1048; x_wconf 85' lang='grc' dir='ltr'><strong><em>τήν</em></strong></span> <span class='ocrx_word' id='word_1_51' title='bbox 524 965 608 1049; x_wconf 89' lang='grc' dir='ltr'><strong><em>πρὸς</em></strong></span> <span class='ocrx_word' id='word_1_52' title='bbox 627 964 839 1038; x_wconf 87' lang='grc' dir='ltr'><strong><em>Χαναναίους</em></strong></span> <span class='ocrx_word' id='word_1_53' title='bbox 860 960 968 1046; x_wconf 86' lang='grc' dir='ltr'><strong><em>μάχην</em></strong></span> <span class='ocrx_word' id='word_1_54' title='bbox 990 964 1125 1046; x_wconf 86' lang='grc' dir='ltr'><strong><em>πρόφα-</em></strong></span> 
     </span>
     <span class='ocr_line' id='line_1_9' title="bbox 101 1064 1125 1157; baseline -0.005 -20"><span class='ocrx_word' id='word_1_55' title='bbox 101 1088 156 1137; x_wconf 94' lang='grc' dir='ltr'><strong><em>σιν</em></strong></span> <span class='ocrx_word' id='word_1_56' title='bbox 175 1071 321 1157; x_wconf 82' lang='grc' dir='ltr'><strong><em>εὐπρεπῆ</em></strong></span> <span class='ocrx_word' id='word_1_57' title='bbox 340 1072 481 1155; x_wconf 78' lang='grc' dir='ltr'><strong><em>τὴντῶν</em></strong></span> <span class='ocrx_word' id='word_1_58' title='bbox 499 1069 717 1154; x_wconf 79' lang='grc' dir='ltr'><strong><em>βοσκημάτων</em></strong></span> <span class='ocrx_word' id='word_1_59' title='bbox 736 1064 924 1152; x_wconf 81' lang='grc' dir='ltr'><strong><em>ἐπιμέλειαν</em></strong></span> <span class='ocrx_word' id='word_1_60' title='bbox 942 1066 1125 1152; x_wconf 82' lang='grc' dir='ltr'><strong><em>εὑρῆσθαι,</em></strong></span> 
     </span>
     <span class='ocr_line' id='line_1_10' title="bbox 101 1173 1124 1259; baseline -0.006 -15"><span class='ocrx_word' id='word_1_61' title='bbox 101 1181 276 1254; x_wconf 82' lang='grc' dir='ltr'><strong><em>κακίστους</em></strong></span> <span class='ocrx_word' id='word_1_62' title='bbox 298 1173 326 1242; x_wconf 85' lang='grc' dir='ltr'><strong><em>τ’</em></strong></span> <span class='ocrx_word' id='word_1_63' title='bbox 354 1176 526 1259; x_wconf 86' lang='grc' dir='ltr'><strong><em>ἀπεκάλει,</em></strong></span> <span class='ocrx_word' id='word_1_64' title='bbox 553 1173 609 1240; x_wconf 82' lang='grc' dir='ltr'><strong><em>καὶ</em></strong></span> <span class='ocrx_word' id='word_1_65' title='bbox 632 1176 756 1251; x_wconf 78' lang='grc' dir='ltr'><strong><em>δειλίας</em></strong></span> <span class='ocrx_word' id='word_1_66' title='bbox 779 1173 968 1258; x_wconf 78' lang='grc' dir='ltr'><strong><em>εὐσχήμονα</em></strong></span> <span class='ocrx_word' id='word_1_67' title='bbox 990 1176 1124 1259; x_wconf 83' lang='grc' dir='ltr'><strong><em>πρόφα-</em></strong></span> 
     </span>
     <span class='ocr_line' id='line_1_11' title="bbox 102 1276 1160 1374; baseline -0.01 -25"><span class='ocrx_word' id='word_1_68' title='bbox 102 1301 156 1349; x_wconf 92' lang='grc' dir='ltr'><strong><em>σιν</em></strong></span> <span class='ocrx_word' id='word_1_69' title='bbox 179 1281 419 1368; x_wconf 72' lang='grc' dir='ltr'><strong><em>ἐπινοήσαντας</em></strong></span> <span class='ocrx_word' id='word_1_70' title='bbox 441 1281 563 1358; x_wconf 81' lang='grc' dir='ltr'><strong><em>αὐτούς</em></strong></span> <span class='ocrx_word' id='word_1_71' title='bbox 584 1276 646 1364; x_wconf 73' lang='grc' dir='ltr'><strong><em>μδν</em></strong></span> <span class='ocrx_word' id='word_1_72' title='bbox 676 1280 860 1374; x_wconf 89' lang='grc' dir='ltr'><strong><em>βούλεσθαι</em></strong></span> <span class='ocrx_word' id='word_1_73' title='bbox 882 1286 1016 1364; x_wconf 82' lang='grc' dir='ltr'><strong><em>τρυφᾶν</em></strong></span> <span class='ocrx_word' id='word_1_74' title='bbox 1040 1279 1123 1345; x_wconf 88' lang='grc' dir='ltr'><strong><em>ἀπό-</em></strong></span> <span class='ocrx_word' id='word_1_75' title='bbox 1137 1298 1160 1338; x_wconf 82' lang='grc' dir='ltr'><strong><em>ιι</em></strong></span> 
     </span>
     <span class='ocr_line' id='line_1_12' title="bbox 100 1380 1123 1472; baseline -0.005 -16"><span class='ocrx_word' id='word_1_76' title='bbox 100 1413 167 1467; x_wconf 89' lang='grc' dir='ltr'><strong><em>νως</em></strong></span> <span class='ocrx_word' id='word_1_77' title='bbox 197 1389 391 1472; x_wconf 86' lang='grc' dir='ltr'><strong><em>διάγοντας,</em></strong></span> <span class='ocrx_word' id='word_1_78' title='bbox 422 1387 556 1454; x_wconf 90' lang='grc' dir='ltr'><strong><em>πάντων</em></strong></span> <span class='ocrx_word' id='word_1_79' title='bbox 583 1387 918 1470; x_wconf 76' lang='grc' dir='ltr'><strong><em>τεταλαιπωρηκότων</em></strong></span> <span class='ocrx_word' id='word_1_80' title='bbox 944 1380 1032 1471; x_wconf 71' lang='grc' dir='ltr'><strong><em>ὑπὲρ</em></strong></span> <span class='ocrx_word' id='word_1_81' title='bbox 1059 1396 1123 1451; x_wconf 91' lang='grc' dir='ltr'><strong><em>τοῦ</em></strong></span> 
     </span>
     <span class='ocr_line' id='line_1_13' title="bbox 100 1483 1121 1582; baseline -0.007 -20"><span class='ocrx_word' id='word_1_82' title='bbox 100 1499 287 1582; x_wconf 85' lang='grc' dir='ltr'><strong><em>κτήσασθαι</em></strong></span> <span class='ocrx_word' id='word_1_83' title='bbox 309 1496 370 1579; x_wconf 87' lang='grc' dir='ltr'><strong><em>τῆν</em></strong></span> <span class='ocrx_word' id='word_1_84' title='bbox 393 1483 593 1578; x_wconf 80' lang='grc' dir='ltr'><strong><em>αίτουμένην</em></strong></span> <span class='ocrx_word' id='word_1_85' title='bbox 615 1488 671 1558; x_wconf 88' lang='grc' dir='ltr'><strong><em>ὑπ’</em></strong></span> <span class='ocrx_word' id='word_1_86' title='bbox 699 1491 809 1557; x_wconf 83' lang='grc' dir='ltr'><strong><em>αὐτῶν</em></strong></span> <span class='ocrx_word' id='word_1_87' title='bbox 831 1500 911 1575; x_wconf 89' lang='grc' dir='ltr'><strong><em>γῆν,</em></strong></span> <span class='ocrx_word' id='word_1_88' title='bbox 939 1489 1051 1575; x_wconf 79' lang='lat'>(168)</span> <span class='ocrx_word' id='word_1_89' title='bbox 1075 1493 1121 1577; x_wconf 79' lang='grc' dir='ltr'><strong><em>μή</em></strong></span> 
     </span>
     <span class='ocr_line' id='line_1_14' title="bbox 99 1597 1122 1687; baseline -0.002 -18"><span class='ocrx_word' id='word_1_90' title='bbox 99 1602 214 1669; x_wconf 88' lang='grc' dir='ltr'><strong><em>θέλειν</em></strong></span> <span class='ocrx_word' id='word_1_91' title='bbox 238 1599 275 1668; x_wconf 72' lang='grc' dir='ltr'><strong><em>δὲ</em></strong></span> <span class='ocrx_word' id='word_1_92' title='bbox 299 1599 549 1687; x_wconf 78' lang='grc' dir='ltr'><strong><em>συναραμένους</em></strong></span> <span class='ocrx_word' id='word_1_93' title='bbox 576 1611 643 1666; x_wconf 80' lang='grc' dir='ltr'><strong><em>τῶν</em></strong></span> <span class='ocrx_word' id='word_1_94' title='bbox 666 1598 846 1666; x_wconf 80' lang='grc' dir='ltr'><strong><em>ἐπιλοίπων</em></strong></span> <span class='ocrx_word' id='word_1_95' title='bbox 870 1597 1028 1684; x_wconf 88' lang='grc' dir='ltr'><strong><em>ἀγώνων,</em></strong></span> <span class='ocrx_word' id='word_1_96' title='bbox 1045 1609 1122 1684; x_wconf 65' lang='grc' dir='ltr'><strong><em>4γῆν</em></strong></span> 
     </span>
     <span class='ocr_line' id='line_1_15' title="bbox 100 1704 1122 1794; baseline -0.002 -19"><span class='ocrx_word' id='word_1_97' title='bbox 100 1709 143 1793; x_wconf 82' lang='grc' dir='ltr'><strong><em>ῆν</em></strong></span> <span class='ocrx_word' id='word_1_98' title='bbox 167 1711 322 1794; x_wconf 86' lang='grc' dir='ltr'><strong><em>διαβᾶσιν</em></strong></span> <span class='ocrx_word' id='word_1_99' title='bbox 346 1708 459 1785; x_wconf 83' lang='grc' dir='ltr'><strong><em>αὐτοῖς</em></strong></span> <span class='ocrx_word' id='word_1_100' title='bbox 485 1710 544 1774; x_wconf 88' lang='grc' dir='ltr'><strong><em>τὸν</em></strong></span> <span class='ocrx_word' id='word_1_101' title='bbox 564 1704 738 1793; x_wconf 88' lang='grc' dir='ltr'><strong><em>Ἰορδάνην</em></strong></span> <span class='ocrx_word' id='word_1_102' title='bbox 761 1707 779 1773; x_wconf 89' lang='grc' dir='ltr'>ὁ</span> <span class='ocrx_word' id='word_1_103' title='bbox 802 1709 883 1783; x_wconf 87' lang='grc' dir='ltr'><strong><em>θεὸς</em></strong></span> <span class='ocrx_word' id='word_1_104' title='bbox 905 1706 1122 1791; x_wconf 83' lang='grc' dir='ltr'><strong><em>παραδώσειν</em></strong></span> 
     </span>
     <span class='ocr_line' id='line_1_16' title="bbox 100 1810 1159 1901; baseline -0.002 -21"><span class='ocrx_word' id='word_1_105' title='bbox 100 1815 291 1901; x_wconf 84' lang='grc' dir='ltr'><strong><em>ὑπέσχηται,</em></strong></span> <span class='ocrx_word' id='word_1_106' title='bbox 314 1816 438 1899; x_wconf 87' lang='grc' dir='ltr'><strong><em>ταύτην</em></strong></span> <span class='ocrx_word' id='word_1_107' title='bbox 456 1818 583 1898; x_wconf 80' lang='grc' dir='ltr'><strong><em>λαβεῖν,</em></strong></span> <span class='ocrx_word' id='word_1_108' title='bbox 606 1810 934 1898; x_wconf 77' lang='grc' dir='ltr'><strong><em>καταστρεψαμένους</em></strong></span> <span class='ocrx_word' id='word_1_109' title='bbox 952 1812 1012 1889; x_wconf 84' lang='grc' dir='ltr'><strong><em>οὓς</em></strong></span> <span class='ocrx_word' id='word_1_110' title='bbox 1037 1813 1122 1878; x_wconf 79' lang='grc' dir='ltr'><strong><em>ἐκεῖ·</em></strong></span> <span class='ocrx_word' id='word_1_111' title='bbox 1136 1828 1159 1869; x_wconf 70' lang='lat'><strong><em>1⁵</em></strong></span> 
     </span>
     <span class='ocr_line' id='line_1_17' title="bbox 100 1914 1122 2005; baseline -0.002 -18"><span class='ocrx_word' id='word_1_112' title='bbox 100 1945 160 1998; x_wconf 90' lang='grc' dir='ltr'><strong><em>νος</em></strong></span> <span class='ocrx_word' id='word_1_113' title='bbox 187 1917 356 1998; x_wconf 81' lang='grc' dir='ltr'><strong><em>ἀπέδειξεν</em></strong></span> <span class='ocrx_word' id='word_1_114' title='bbox 383 1920 464 2005; x_wconf 87' lang='grc' dir='ltr'><strong><em>ήμῖν</em></strong></span> <span class='ocrx_word' id='word_1_115' title='bbox 490 1923 678 2004; x_wconf 88' lang='grc' dir='ltr'><strong><em>πολεμίους.</em></strong></span> <span class='ocrx_word' id='word_1_116' title='bbox 723 1919 833 2003; x_wconf 78' lang='grc'>(169)</span> <span class='ocrx_word' id='word_1_117' title='bbox 857 1921 892 1985; x_wconf 78' lang='grc' dir='ltr'><strong><em>οἳ</em></strong></span> <span class='ocrx_word' id='word_1_118' title='bbox 918 1914 948 1982; x_wconf 86' lang='grc' dir='ltr'><strong><em>δ’</em></strong></span> <span class='ocrx_word' id='word_1_119' title='bbox 975 1919 1122 2004; x_wconf 83' lang='grc' dir='ltr'><strong><em>δρῶντες</em></strong></span> 
     </span>
     <span class='ocr_line' id='line_1_18' title="bbox 100 2023 1121 2112; baseline 0.001 -21"><span class='ocrx_word' id='word_1_120' title='bbox 100 2026 316 2112; x_wconf 81' lang='grc' dir='ltr'><strong><em>ὀργιζόμενον</em></strong></span> <span class='ocrx_word' id='word_1_121' title='bbox 345 2027 466 2110; x_wconf 83' lang='grc' dir='ltr'><strong><em>αὐτόν,</em></strong></span> <span class='ocrx_word' id='word_1_122' title='bbox 492 2023 549 2090; x_wconf 84' lang='grc' dir='ltr'><strong><em>καὶ</em></strong></span> <span class='ocrx_word' id='word_1_123' title='bbox 572 2027 708 2102; x_wconf 87' lang='grc' dir='ltr'><strong><em>δικαίως</em></strong></span> <span class='ocrx_word' id='word_1_124' title='bbox 736 2026 918 2111; x_wconf 77' lang='grc' dir='ltr'><strong><em>ἠρεθίσθαι</em></strong></span> <span class='ocrx_word' id='word_1_125' title='bbox 946 2027 1031 2112; x_wconf 86' lang='grc' dir='ltr'><strong><em>πρὸς</em></strong></span> <span class='ocrx_word' id='word_1_126' title='bbox 1058 2028 1121 2110; x_wconf 87' lang='grc' dir='ltr'><strong><em>τήν</em></strong></span> 
     </span>
     <span class='ocr_line' id='line_1_19' title="bbox 101 2130 1120 2217; baseline 0.002 -21"><span class='ocrx_word' id='word_1_127' title='bbox 101 2130 237 2209; x_wconf 84' lang='grc' dir='ltr'><strong><em>ἀξίωσιν</em></strong></span> <span class='ocrx_word' id='word_1_128' title='bbox 252 2131 362 2197; x_wconf 82' lang='grc' dir='ltr'><strong><em>αὐτῶν</em></strong></span> <span class='ocrx_word' id='word_1_129' title='bbox 375 2133 611 2217; x_wconf 83' lang='grc' dir='ltr'><strong><em>ὑπολαβόντες,</em></strong></span> <span class='ocrx_word' id='word_1_130' title='bbox 629 2130 853 2215; x_wconf 82' lang='grc' dir='ltr'><strong><em>ἀπελογοῦντο</em></strong></span> <span class='ocrx_word' id='word_1_131' title='bbox 872 2132 916 2217; x_wconf 85' lang='grc' dir='ltr'><strong><em>μή</em></strong></span> <span class='ocrx_word' id='word_1_132' title='bbox 932 2132 988 2195; x_wconf 85' lang='grc' dir='ltr'><strong><em>διά</em></strong></span> <span class='ocrx_word' id='word_1_133' title='bbox 1007 2135 1120 2216; x_wconf 82' lang='grc' dir='ltr'><strong><em>φόβον</em></strong></span> 
     </span>
     <span class='ocr_line' id='line_1_20' title="bbox 100 2235 1120 2324; baseline 0.004 -24"><span class='ocrx_word' id='word_1_134' title='bbox 100 2247 167 2302; x_wconf 81' lang='grc' dir='ltr'><strong><em>τῶν</em></strong></span> <span class='ocrx_word' id='word_1_135' title='bbox 189 2239 358 2303; x_wconf 88' lang='grc' dir='ltr'><strong><em>κινδύνων</em></strong></span> <span class='ocrx_word' id='word_1_136' title='bbox 381 2235 466 2324; x_wconf 73' lang='grc' dir='ltr'><strong><em>μηδὲ</em></strong></span> <span class='ocrx_word' id='word_1_137' title='bbox 489 2239 545 2303; x_wconf 87' lang='grc' dir='ltr'><strong><em>διά</em></strong></span> <span class='ocrx_word' id='word_1_138' title='bbox 568 2239 629 2323; x_wconf 86' lang='grc' dir='ltr'><strong><em>τῆν</em></strong></span> <span class='ocrx_word' id='word_1_139' title='bbox 652 2241 734 2324; x_wconf 93' lang='grc' dir='ltr'><strong><em>πρὸς</em></strong></span> <span class='ocrx_word' id='word_1_140' title='bbox 752 2240 789 2304; x_wconf 91' lang='grc' dir='ltr'><strong><em>τὸ</em></strong></span> <span class='ocrx_word' id='word_1_141' title='bbox 813 2248 929 2303; x_wconf 84' lang='grc' dir='ltr'><strong><em>πονεῖν</em></strong></span> <span class='ocrx_word' id='word_1_142' title='bbox 953 2242 1120 2322; x_wconf 89' lang='grc' dir='ltr'><strong><em>μαλακίαν</em></strong></span> 
     </span>
     <span class='ocr_line' id='line_1_21' title="bbox 99 2341 1159 2429; baseline 0.004 -23"><span class='ocrx_word' id='word_1_143' title='bbox 99 2349 302 2426; x_wconf 79' lang='grc' dir='ltr'><strong><em>πεποιῆσθαι</em></strong></span> <span class='ocrx_word' id='word_1_144' title='bbox 332 2345 401 2428; x_wconf 55' lang='grc' dir='ltr'><strong><em>τῆν7</em></strong></span> <span class='ocrx_word' id='word_1_145' title='bbox 416 2351 563 2429; x_wconf 86' lang='grc' dir='ltr'><strong><em>αίτησιν,</em></strong></span> <span class='ocrx_word' id='word_1_146' title='bbox 595 2345 706 2429; x_wconf 80' lang='grc'>&lt;170&gt;</span> <span class='ocrx_word' id='word_1_147' title='bbox 729 2341 800 2409; x_wconf 90' lang='grc' dir='ltr'><strong><em>ἀλλ’</em></strong></span> <span class='ocrx_word' id='word_1_148' title='bbox 828 2344 917 2421; x_wconf 85' lang='grc' dir='ltr'><strong><em>ὅπως</em></strong></span> <span class='ocrx_word' id='word_1_149' title='bbox 939 2346 1000 2427; x_wconf 87' lang='grc' dir='ltr'><strong><em>τήν</em></strong></span> <span class='ocrx_word' id='word_1_150' title='bbox 1023 2348 1119 2410; x_wconf 87' lang='grc' dir='ltr'><strong><em>λείαν</em></strong></span> <span class='ocrx_word' id='word_1_151' title='bbox 1134 2364 1159 2403; x_wconf 75' lang='lat'><strong><em>20</em></strong></span> 
     </span>
     <span class='ocr_line' id='line_1_22' title="bbox 100 2447 1119 2536; baseline 0.003 -23"><span class='ocrx_word' id='word_1_152' title='bbox 100 2448 137 2514; x_wconf 87' lang='grc' dir='ltr'><strong><em>έν</em></strong></span> <span class='ocrx_word' id='word_1_153' title='bbox 161 2447 356 2533; x_wconf 83' lang='grc' dir='ltr'><strong><em>ἐπιτηδείοις</em></strong></span> <span class='ocrx_word' id='word_1_154' title='bbox 373 2454 608 2527; x_wconf 88' lang='grc' dir='ltr'><strong><em>καταλιπόντες</em></strong></span> <span class='ocrx_word' id='word_1_155' title='bbox 624 2451 762 2528; x_wconf 78' lang='grc' dir='ltr'><strong><em>εύζωνοι</em></strong></span> <span class='ocrx_word' id='word_1_156' title='bbox 780 2452 862 2536; x_wconf 90' lang='grc' dir='ltr'><strong><em>πρὸς</em></strong></span> <span class='ocrx_word' id='word_1_157' title='bbox 885 2453 962 2527; x_wconf 86' lang='grc' dir='ltr'><strong><em>τοὺς</em></strong></span> <span class='ocrx_word' id='word_1_158' title='bbox 985 2449 1119 2533; x_wconf 85' lang='grc' dir='ltr'><strong><em>ἀγῶνας</em></strong></span> 
     </span>
     <span class='ocr_line' id='line_1_23' title="bbox 99 2553 1118 2641; baseline 0.004 -22"><span class='ocrx_word' id='word_1_159' title='bbox 99 2553 154 2620; x_wconf 86' lang='grc' dir='ltr'><strong><em>καὶ</em></strong></span> <span class='ocrx_word' id='word_1_160' title='bbox 181 2558 239 2632; x_wconf 81' lang='grc' dir='ltr'><strong><em>τὰς</em></strong></span> <span class='ocrx_word' id='word_1_161' title='bbox 270 2556 374 2640; x_wconf 86' lang='grc' dir='ltr'><strong><em>μάχας</em></strong></span> <span class='ocrx_word' id='word_1_162' title='bbox 400 2567 521 2641; x_wconf 80' lang='grc' dir='ltr'><strong><em>χωρεῖν</em></strong></span> <span class='ocrx_word' id='word_1_163' title='bbox 549 2557 716 2620; x_wconf 88' lang='grc' dir='ltr'><strong><em>δύναιντο.</em></strong></span> <span class='ocrx_word' id='word_1_164' title='bbox 763 2553 915 2640; x_wconf 85' lang='grc' dir='ltr'><strong><em>ἑτοίμους</em></strong></span> <span class='ocrx_word' id='word_1_165' title='bbox 944 2554 971 2620; x_wconf 86' lang='grc' dir='ltr'><strong><em>τ’</em></strong></span> <span class='ocrx_word' id='word_1_166' title='bbox 1000 2559 1118 2641; x_wconf 80' lang='grc' dir='ltr'><strong><em>ἔλεγον</em></strong></span> 
     </span>
     <span class='ocr_line' id='line_1_24' title="bbox 99 2649 1118 2746; baseline 0.004 -23"><span class='ocrx_word' id='word_1_167' title='bbox 99 2659 236 2742; x_wconf 85' lang='grc' dir='ltr'><strong><em>αύτούς,</em></strong></span> <span class='ocrx_word' id='word_1_168' title='bbox 258 2665 431 2737; x_wconf 88' lang='grc' dir='ltr'><strong><em>κτίσαντας</em></strong></span> <span class='ocrx_word' id='word_1_169' title='bbox 453 2649 565 2736; x_wconf 86' lang='grc' dir='ltr'><strong><em>πόλεις</em></strong></span> <span class='ocrx_word' id='word_1_170' title='bbox 586 2662 635 2736; x_wconf 91' lang='grc' dir='ltr'><strong><em>είς</em></strong></span> <span class='ocrx_word' id='word_1_171' title='bbox 656 2661 809 2744; x_wconf 84' lang='grc' dir='ltr'><strong><em>φυλακήν</em></strong></span> <span class='ocrx_word' id='word_1_172' title='bbox 831 2659 956 2726; x_wconf 85' lang='grc' dir='ltr'><strong><em>τέκνων</em></strong></span> <span class='ocrx_word' id='word_1_173' title='bbox 979 2660 1034 2727; x_wconf 87' lang='grc' dir='ltr'><strong><em>καὶ</em></strong></span> <span class='ocrx_word' id='word_1_174' title='bbox 1058 2687 1118 2746; x_wconf 92' lang='grc' dir='ltr'><strong><em>γυ-</em></strong></span> 
     </span>
     <span class='ocr_line' id='line_1_25' title="bbox 98 2762 1115 2856; baseline 0.003 -26"><span class='ocrx_word' id='word_1_175' title='bbox 98 2776 223 2831; x_wconf 83' lang='grc' dir='ltr'><strong><em>ναικῶν</em></strong></span> <span class='ocrx_word' id='word_1_176' title='bbox 252 2762 308 2830; x_wconf 85' lang='grc' dir='ltr'><strong><em>καὶ</em></strong></span> <span class='ocrx_word' id='word_1_177' title='bbox 336 2768 479 2849; x_wconf 88' lang='grc' dir='ltr'><strong><em>κτήσεως</em></strong></span> <span class='ocrx_word' id='word_1_178' title='bbox 508 2764 612 2831; x_wconf 83' lang='grc' dir='ltr'><strong><em>αὐτοῦ</em></strong></span> <span class='ocrx_word' id='word_1_179' title='bbox 639 2766 812 2849; x_wconf 89' lang='grc' dir='ltr'><strong><em>διδόντος,</em></strong></span> <span class='ocrx_word' id='word_1_180' title='bbox 845 2766 1041 2833; x_wconf 86' lang='grc' dir='ltr'><strong><em>συναπιέναι</em></strong></span> <span class='ocrx_word' id='word_1_181' title='bbox 1070 2779 1115 2856; x_wconf 71' lang='grc' dir='ltr'><strong><em>τῷ</em></strong></span> 
     </span>
     <span class='ocr_line' id='line_1_26' title="bbox 99 2868 1157 2962; baseline 0.002 -26"><span class='ocrx_word' id='word_1_182' title='bbox 99 2880 236 2960; x_wconf 75' lang='grc' dir='ltr'><strong><em>στρατῷ.</em></strong></span> <span class='ocrx_word' id='word_1_183' title='bbox 281 2872 391 2956; x_wconf 78' lang='grc'>&lt;171&gt;</span> <span class='ocrx_word' id='word_1_184' title='bbox 408 2868 464 2937; x_wconf 76' lang='grc' dir='ltr'><strong><em>καὶ</em></strong></span> <span class='ocrx_word' id='word_1_185' title='bbox 482 2875 632 2957; x_wconf 88' lang='grc' dir='ltr'><strong><em>Μωυσῆς</em></strong></span> <span class='ocrx_word' id='word_1_186' title='bbox 650 2872 805 2957; x_wconf 85' lang='grc' dir='ltr'><strong><em>ἀρεσθεὶς</em></strong></span> <span class='ocrx_word' id='word_1_187' title='bbox 827 2883 872 2961; x_wconf 73' lang='grc' dir='ltr'><strong><em>τῷ</em></strong></span> <span class='ocrx_word' id='word_1_188' title='bbox 897 2878 997 2962; x_wconf 77' lang='grc' dir='ltr'><strong><em>λόγῳ,</em></strong></span> <span class='ocrx_word' id='word_1_189' title='bbox 1020 2872 1116 2939; x_wconf 82' lang='grc' dir='ltr'><strong><em>καλέ·</em></strong></span> <span class='ocrx_word' id='word_1_190' title='bbox 1131 2893 1157 2932; x_wconf 77' lang='lat'><strong><em>2⁵</em></strong></span> 
     </span>
     <span class='ocr_line' id='line_1_27' title="bbox 98 2974 1114 3065; baseline 0.003 -24"><span class='ocrx_word' id='word_1_191' title='bbox 98 2994 158 3054; x_wconf 91' lang='grc' dir='ltr'><strong><em>σας</em></strong></span> <span class='ocrx_word' id='word_1_192' title='bbox 177 2974 371 3064; x_wconf 76' lang='grc' dir='ltr'><strong><em>Ἐλεάζαρον</em></strong></span> <span class='ocrx_word' id='word_1_193' title='bbox 398 2980 457 3044; x_wconf 86' lang='grc' dir='ltr'><strong><em>τὸν</em></strong></span> <span class='ocrx_word' id='word_1_194' title='bbox 484 2975 636 3065; x_wconf 86' lang='grc' dir='ltr'><strong><em>ἀρχιερέα</em></strong></span> <span class='ocrx_word' id='word_1_195' title='bbox 663 2975 719 3043; x_wconf 82' lang='grc' dir='ltr'><strong><em>καὶ</em></strong></span> <span class='ocrx_word' id='word_1_196' title='bbox 739 2974 870 3061; x_wconf 88' lang='grc' dir='ltr'><strong><em>Ἰησοῦν</em></strong></span> <span class='ocrx_word' id='word_1_197' title='bbox 897 2977 1053 3054; x_wconf 81' lang='grc' dir='ltr'><strong><em>καὶτοὺς</em></strong></span> <span class='ocrx_word' id='word_1_198' title='bbox 1077 2978 1114 3044; x_wconf 79' lang='grc' dir='ltr'><strong><em>έν</em></strong></span> 
     </span>
     <span class='ocr_line' id='line_1_28' title="bbox 98 3081 1113 3173; baseline 0.002 -26"><span class='ocrx_word' id='word_1_199' title='bbox 98 3082 184 3148; x_wconf 86' lang='grc' dir='ltr'><strong><em>τέλει</em></strong></span> <span class='ocrx_word' id='word_1_200' title='bbox 206 3084 346 3167; x_wconf 88' lang='grc' dir='ltr'><strong><em>πάντας,</em></strong></span> <span class='ocrx_word' id='word_1_201' title='bbox 374 3087 554 3171; x_wconf 84' lang='grc' dir='ltr'><strong><em>συνεχώρει</em></strong></span> <span class='ocrx_word' id='word_1_202' title='bbox 577 3086 638 3168; x_wconf 86' lang='grc' dir='ltr'><strong><em>τήν</em></strong></span> <span class='ocrx_word' id='word_1_203' title='bbox 657 3081 833 3171; x_wconf 75' lang='grc' dir='ltr'><strong><em>Ἀμωρῖτιν</em></strong></span> <span class='ocrx_word' id='word_1_204' title='bbox 856 3085 968 3161; x_wconf 87' lang='grc' dir='ltr'><strong><em>αὐτοῖς</em></strong></span> <span class='ocrx_word' id='word_1_205' title='bbox 990 3083 1044 3149; x_wconf 79' lang='grc' dir='ltr'><strong><em>ἐπὶ</em></strong></span> <span class='ocrx_word' id='word_1_206' title='bbox 1067 3095 1113 3173; x_wconf 74' lang='grc' dir='ltr'><strong><em>τῷ</em></strong></span> 
     </span>
     <span class='ocr_line' id='line_1_29' title="bbox 99 3189 1114 3276; baseline 0.002 -22"><span class='ocrx_word' id='word_1_207' title='bbox 99 3199 309 3276; x_wconf 76' lang='grc' dir='ltr'><strong><em>συμμαχῆσαι</em></strong></span> <span class='ocrx_word' id='word_1_208' title='bbox 328 3201 397 3268; x_wconf 86' lang='grc' dir='ltr'><strong><em>τοῖς</em></strong></span> <span class='ocrx_word' id='word_1_209' title='bbox 415 3189 610 3273; x_wconf 84' lang='grc' dir='ltr'><strong><em>συγγενέσιν</em></strong></span> <span class='ocrx_word' id='word_1_210' title='bbox 634 3191 695 3268; x_wconf 77' lang='grc' dir='ltr'><strong><em>ἕως</em></strong></span> <span class='ocrx_word' id='word_1_211' title='bbox 718 3191 759 3257; x_wconf 86' lang='grc' dir='ltr'><strong><em>ἀν</em></strong></span> <span class='ocrx_word' id='word_1_212' title='bbox 783 3193 1049 3275; x_wconf 88' lang='grc' dir='ltr'><strong><em>καταστήσωνται</em></strong></span> <span class='ocrx_word' id='word_1_213' title='bbox 1073 3194 1114 3256; x_wconf 85' lang='grc' dir='ltr'><strong><em>τά</em></strong></span> 
     </span>
     <span class='ocr_line' id='line_1_30' title="bbox 96 3291 1114 3384; baseline 0.003 -24"><span class='ocrx_word' id='word_1_214' title='bbox 96 3297 211 3361; x_wconf 91' lang='grc' dir='ltr'><strong><em>πάντα.</em></strong></span> <span class='ocrx_word' id='word_1_215' title='bbox 249 3301 406 3381; x_wconf 89' lang='grc' dir='ltr'><strong><em>λαβόντες</em></strong></span> <span class='ocrx_word' id='word_1_216' title='bbox 428 3291 490 3363; x_wconf 85' lang='grc' dir='ltr'><strong><em>οὖν</em></strong></span> <span class='ocrx_word' id='word_1_217' title='bbox 513 3295 567 3362; x_wconf 83' lang='grc' dir='ltr'><strong><em>έπὶ</em></strong></span> <span class='ocrx_word' id='word_1_218' title='bbox 589 3300 718 3373; x_wconf 87' lang='grc' dir='ltr'><strong><em>τούτοις</em></strong></span> <span class='ocrx_word' id='word_1_219' title='bbox 740 3299 800 3380; x_wconf 85' lang='grc' dir='ltr'><strong><em>τήν</em></strong></span> <span class='ocrx_word' id='word_1_220' title='bbox 823 3299 945 3384; x_wconf 91' lang='grc' dir='ltr'><strong><em>χώραν,</em></strong></span> <span class='ocrx_word' id='word_1_221' title='bbox 968 3294 1023 3362; x_wconf 83' lang='grc' dir='ltr'><strong><em>καὶ</em></strong></span> <span class='ocrx_word' id='word_1_222' title='bbox 1045 3301 1114 3363; x_wconf 89' lang='grc' dir='ltr'><strong><em>κτί-</em></strong></span> 
     </span>
     <span class='ocr_line' id='line_1_31' title="bbox 94 3397 1155 3490; baseline -0.002 -24"><span class='ocrx_word' id='word_1_223' title='bbox 94 3420 214 3482; x_wconf 86' lang='grc' dir='ltr'><strong><em>σαντες</em></strong></span> <span class='ocrx_word' id='word_1_224' title='bbox 230 3408 344 3482; x_wconf 88' lang='grc' dir='ltr'><strong><em>πόλεις</em></strong></span> <span class='ocrx_word' id='word_1_225' title='bbox 360 3403 530 3490; x_wconf 86' lang='grc' dir='ltr'><strong><em>καρτεράς,</em></strong></span> <span class='ocrx_word' id='word_1_226' title='bbox 553 3402 651 3469; x_wconf 88' lang='grc' dir='ltr'><strong><em>τέκνα</em></strong></span> <span class='ocrx_word' id='word_1_227' title='bbox 673 3401 727 3468; x_wconf 83' lang='grc' dir='ltr'><strong><em>καὶ</em></strong></span> <span class='ocrx_word' id='word_1_228' title='bbox 751 3415 910 3485; x_wconf 89' lang='grc' dir='ltr'><strong><em>γυναῖκας</em></strong></span> <span class='ocrx_word' id='word_1_229' title='bbox 932 3401 986 3468; x_wconf 82' lang='grc' dir='ltr'><strong><em>καὶ</em></strong></span> <span class='ocrx_word' id='word_1_230' title='bbox 1009 3397 1113 3469; x_wconf 83' lang='grc' dir='ltr'><strong><em>τᾶλλα</em></strong></span> <span class='ocrx_word' id='word_1_231' title='bbox 1128 3425 1155 3464; x_wconf 85' lang='grc' dir='ltr'><strong><em>εο</em></strong></span> 
     </span>
    </p>
   </div>
   <div class='ocr_carea' id='block_1_3' title="bbox 143 3528 569 3614">
    <p class='ocr_par' dir='ltr' id='par_1_3' title="bbox 143 3528 569 3614">
     <span class='ocr_line' id='line_1_32' title="bbox 143 3528 569 3614; baseline 0.005 -31"><span class='ocrx_word' id='word_1_232' title='bbox 143 3531 164 3593; x_wconf 83' lang='lat'><em>§</em></span> <span class='ocrx_word' id='word_1_233' title='bbox 182 3534 241 3587; x_wconf 83' lang='grc'><strong><em>166</em></strong></span> <span class='ocrx_word' id='word_1_234' title='bbox 255 3557 293 3578; x_wconf 92' lang='lat'>=</span> <span class='ocrx_word' id='word_1_235' title='bbox 307 3528 395 3589; x_wconf 82' lang='lat' dir='ltr'><strong>Num.</strong></span> <span class='ocrx_word' id='word_1_236' title='bbox 415 3528 524 3588; x_wconf 86' lang='lat' dir='ltr'>XXXII</span> <span class='ocrx_word' id='word_1_237' title='bbox 543 3533 569 3614; x_wconf 65' lang='lat'><strong><em>¹?</em></strong></span> 
     </span>
    </p>
   </div>
   <div class='ocr_carea' id='block_1_4' title="bbox 0 0 1234 3848">
    <p class='ocr_par' dir='ltr' id='par_1_4' title="bbox 0 0 1234 3848">
     <span class='ocr_line' id='line_1_33' title="bbox 0 0 1234 3848; baseline 0 1"><span class='ocrx_word' id='word_1_238' title='bbox 0 0 1234 3848; x_wconf 95' lang='lat' dir='ltr'><strong><em> </em></strong></span> 
     </span>
    </p>
   </div>
  </div>
 </body>
</html>
