2460 3848
150 167 193 231 46
515 165 789 218 ΑΡΧΑιοΛονιεΣ

150 331 213 413 γάρ
237 327 432 413 ἐμφανίσειν
455 329 515 409 την
538 323 615 410 περὶ
637 325 740 390 αὐτὸν
762 327 957 409 θρησκείαν,
980 325 1011 387 εί
1032 321 1087 388 καὶ
1110 334 1168 406 τῆς

152 446 212 502 τοῦ
239 434 357 500 τέκνου
390 437 552 518 σωτηρίας
573 434 784 516 προτιμήσειε
815 433 851 496 τὸ
875 439 919 518 τῳ
944 436 1013 516 θεῷ
1037 454 1167 515 κεχαρι-

116 556 131 606 2
153 540 285 626 σμένον.
332 541 441 624 <225>
461 538 628 624 ’Ἅβραμος
656 535 686 602 δ’
714 536 767 603 ἐπὶ
795 534 913 622 μηδενὶ
935 541 1061 622 κρίνων
1084 557 1167 620 παρ-

149 648 285 712 ακούειν
303 656 363 714 τοῦ
377 652 462 712 θεοῦ
477 647 619 728 δίκαιον,
643 646 770 710 ἅπαντα
793 640 824 708 δ’
846 644 1040 729 ὑπουργεῖν,
1064 643 1108 719 ώς
1131 642 1167 708 ἐκ

149 762 207 835 τῆς
231 751 359 819 ἐκείνου
382 756 541 838 προνοίας
559 751 713 817 ἁπάντων
733 752 865 829 ζώντων
888 741 938 826 οἷς
961 749 1003 815 άν
1027 749 1194 834 εὐμενῆςι

149 853 190 945 ᾗ,
214 859 478 944 ἐπικρυψάμενος
504 861 587 943 πρὸς
609 860 671 942 τῆν
693 868 835 941 γυναῖκα
857 859 918 939 τῆν
941 879 975 921 τε
998 864 1058 921 τοῦ
1080 860 1166 920 θεοῦ

148 968 335 1051 πρόρρησιν
367 964 422 1031 καὶ
453 965 496 1049 ῆν
523 959 612 1050 εἶχεν
640 963 739 1040 αὐτὸς
765 964 902 1047 γνώμην
929 960 1004 1047 περὶ
1027 970 1084 1045 τῆς
1106 972 1167 1027 τοῦ

149 1073 267 1149 παιδὸς
290 1081 433 1157 σφαγῆς,
463 1070 547 1136 άλλδι
570 1067 654 1154 μηδὲ
676 1080 743 1136 τών
767 1070 903 1136 οἰκετῶν
926 1066 991 1133 τινί
1016 1069 1168 1150 δηλώσας

150 1176 326 1263 (ἐκωλύετο
359 1179 421 1261 γάρ
449 1175 492 1242 άν
523 1176 727 1261 ὑπηρετῆσαι
753 1184 799 1262 τῷ
827 1173 934 1262 θεῷ),
966 1175 1079 1257 λαβὼν
1106 1175 1167 1238 τὸν

141 1281 275 1349 Ἴσακον
294 1284 374 1367 μετά
394 1284 455 1348 δύο
475 1284 622 1366 οἰκετῶν,
645 1279 701 1347 καὶ
723 1283 762 1346 τά
784 1284 867 1367 πρὸς
888 1282 950 1364 την
975 1281 1166 1365 ἱερουργίαν
1183 1298 1208 1338 10

43 1465 46 1473 Ι
150 1387 304 1467 ἐπισάξας
336 1390 421 1478 ὄνῳ,
453 1386 552 1475 ἀπῆει
578 1390 662 1472 πρὸς
688 1389 725 1454 τὸ
753 1389 839 1473 ὅρος.
886 1383 995 1470 <226>
1018 1383 1073 1450 καὶ
1104 1386 1167 1450 δύο

149 1489 210 1577 μέν
233 1493 321 1580 αὐτῷ
345 1491 468 1580 ἡμέρας
491 1495 709 1559 συνώδευσαν
727 1493 763 1558 οἱ
783 1491 917 1573 οἰκέται,
939 1500 978 1576 τῆ
1001 1494 1093 1577 τρίτη
1119 1489 1167 1573 δέ,

148 1600 193 1676 ώς
210 1599 374 1666 κάτοπτον
396 1595 541 1688 ῆναύτῳ
565 1603 603 1666 τὸ
623 1602 711 1684 ὅρος,
734 1599 923 1664 καταλιπών
943 1597 979 1662 ἐν
998 1606 1042 1685 τῳ
1061 1597 1166 1686 πεδίῳ

148 1708 226 1783 τοὺς
249 1709 412 1783 συνόντας
429 1707 510 1790 μετά
529 1709 636 1791 μόνου
659 1716 719 1772 τοῦ
741 1708 859 1782 παιδὸς
882 1707 1097 1790 παραγίνεται
1120 1706 1167 1780 είς

150 1814 186 1877 τὸ
210 1814 299 1898 ὅρος,
322 1811 373 1897 ἐφ’
402 1808 442 1878 οὗ
465 1816 502 1879 τὸ
523 1814 613 1896 ίερδν
632 1816 784 1897 Δαυίδης
807 1814 824 1879 ὁ
848 1813 1004 1896 βασιλεὺς
1025 1811 1167 1897 ὐστερον
1183 1826 1208 1868 1⁵

150 1919 307 2002 ἱδρύεται.
354 1918 462 2003 <227>
477 1922 599 2004 ἔφερον
618 1915 655 1983 δέ
674 1922 738 1984 σὺν
757 1919 869 1996 αὐτοῖς
888 1919 949 1984 ὅσα
959 1919 1067 1984 λοιπά
1085 1920 1168 2003 πρὸς

149 2025 211 2107 τῆν
233 2028 359 2090 θυσίαν
386 2020 445 2109 ῆν,
471 2025 559 2108 πλην
588 2025 709 2108 ίερείον
734 2027 849 2107 μόνον.
895 2035 955 2090 τοῦ
979 2021 1016 2088 δέ
1035 2022 1168 2089 Ἰσάκου

150 2129 297 2215 πέμπτον
330 2129 385 2197 καὶ
405 2116 567 2197 Ιεἰκοστὸν
599 2132 671 2205 έτος
703 2131 855 2214 ἔχοντος,
888 2133 946 2195 τόν
985 2153 1018 2194 τε
1051 2132 1166 2214 βωμὸν

150 2238 466 2320 κατασκευάζοντος,
498 2234 553 2301 καλ
576 2234 772 2319 πυθομένου
795 2239 830 2300 τί
849 2234 904 2300 καλ
927 2233 1041 2319 μέλλοι
1064 2236 1165 2299 θύειν

150 2344 272 2424 ίερείου
295 2344 339 2426 μῆ
362 2345 543 2427 παρόντος,
574 2340 591 2406 δ
616 2336 653 2405 δέ
676 2343 735 2406 τὸν
764 2343 847 2406 θεὸν
877 2341 990 2416 αὐτοῖς
1011 2339 1165 2425 παρέξειν
1181 2358 1209 2398 20

150 2449 273 2529 ἔλεγεν,
297 2448 377 2512 ὅντα
402 2449 516 2513 ίκανὸν
539 2445 594 2512 καὶ
618 2458 685 2511 τῶν
708 2447 769 2511 οὐκ
793 2447 901 2512 ὄντων
924 2448 1084 2531 εὐπορίαν
1108 2445 1165 2512 άν-

148 2553 299 2637 θρώποις
320 2563 524 2636 παραγαγεῖν
542 2549 655 2617 καὶτὰ
678 2554 847 2618 ὄντατῶν
871 2549 920 2617 ἐπ’
948 2554 1060 2630 αὐτοῖς
1082 2559 1168 2638 θαρε

149 2659 301 2744 ρούντων
319 2655 516 2742 ἀφελέσθαι·
540 2659 661 2723 δώσειν
680 2653 742 2724 οὐν
760 2657 901 2746 κάκείνῳ
924 2660 1055 2744 ίερεϊον,
1074 2666 1165 2744 είπερ

149 2765 288 2850 εὐμενης
306 2761 418 2848 μέλλει
435 2772 474 2848 τῆ
492 2767 598 2851 θυσίᾳ
621 2765 886 2850 παρατυγχάνειν
910 2765 1022 2831 αὐτοῦ.
1055 2764 1165 2848 <228>

114 2872 194 2949 εὼς
216 2867 247 2935 δ’
275 2871 293 2936 ὁ
317 2871 428 2954 βωμὸς
450 2871 694 2953 παρεσκεύαστο
717 2868 772 2935 καλ
794 2871 852 2946 τάς
875 2873 984 2954 σχίζας
1007 2868 1165 2953 έπενηνό·
1179 2888 1206 2929 2⁵

148 3001 198 3063 χει
217 2976 272 3043 καὶ
290 2973 333 3061 ῆν
346 2976 454 3042 πάντα
474 2975 626 3060 εὐτρεπῆ,
649 2974 738 3058 λέγει
754 2979 837 3065 πρὸς
855 2979 914 3042 τὸν
932 2977 1008 3041 υίόν
1031 2971 1069 3040 ’ὦ
1093 2989 1165 3061 παῖ,

148 3087 282 3170 μυρίαις
304 3083 414 3169 εὐχαῖς
436 3082 653 3166 αἰτησάμενός
676 3099 712 3147 σε
732 3081 890 3165 γενέσθαι
914 3106 969 3166 μοι
992 3083 1081 3168 παρά
1105 3093 1165 3149 τοῦ

148 3195 244 3272 θεοῦ,
267 3187 337 3254 ἐπεὶ
359 3193 529 3273 παρῆλθες
552 3190 599 3264 είς
620 3191 679 3254 τὸν
702 3192 794 3273 βίον,
825 3189 886 3253 οὐκ
910 3190 999 3253 ἔστιν
1023 3188 1041 3252 ὅ
1064 3210 1096 3251 τι
1119 3190 1164 3272 μῆ

148 3293 223 3380 περὶ
245 3296 306 3378 τῆν
330 3295 393 3378 σην
417 3293 609 3380 ἀνατροφὴν
633 3293 932 3380 ἐφιλοτιμησάμην,
956 3290 1029 3360 οὐδ’
1057 3290 1109 3378 ἐφ’
1137 3288 1163 3381 ᾧ

148 3407 275 3488 μᾶλλον
305 3400 560 3484 εὐδαιμονήσειν
592 3398 685 3489 ςύμην
714 3401 734 3484 ῆ
762 3401 806 3477 ώς
835 3419 872 3466 σε
905 3402 1008 3484 ίδοιμι
1035 3400 1164 3486 ῆνδρω-
1179 3419 1206 3459 ³0

220 3529 235 3590 ξ
255 3528 307 3579 226
323 3549 356 3569 =
372 3521 439 3578 Gen.
454 3521 533 3577 XXII
551 3529 575 3577 3.
