2460 3848
150 108 215 173 288
519 111 794 166 ΔΡΧΔΙΟΔΟΓΙΔΣ

149 271 352 356 ἀμύνασθαι.
389 272 434 350 ὡς
451 266 514 338 οὑν
531 281 589 356 τῆς
610 270 770 359 ὑμετέρας
793 273 903 340 αὑτῶν
928 281 1111 363 σωτηριάς
1133 280 1185 347 καί

149 389 217 444 τῶν
249 379 417 463 φιλτάτων
452 378 534 463 ὑμῖν
566 377 604 444 ἐν
633 382 712 465 τῆδε
744 388 784 465 τῆ
816 378 976 468 ἐκκλησίᾳ
1009 385 1183 472 κειμένης,

151 485 238 551 οὑτω
257 487 473 570 βουλεύεσθε,
493 487 605 568 λόγοις
617 486 801 570 ἡττηθῆναι
820 483 1009 572 συμφέρειν
1030 491 1184 578 ὑπολαμ-

151 592 310 676 βάνοντες
332 592 353 676 ἢ
376 603 494 678 πεῖραν
517 593 625 676 ἔργων
648 590 703 658 καὶ
726 590 873 676 πολέμου
895 592 1125 677 περιμένειν.’

97 717 131 766 27
218 698 327 782 <111>
346 709 491 764 τοσαῦτα
508 707 569 764 τοῦ
590 695 754 765 Φινεέσου
773 695 1028 785 διαλεχθέντος,
1049 705 1089 769 οί
1106 726 1200 792 προσ

151 814 287 879 εστῶτες
304 813 361 887 τῆς
379 802 552 889 ἐκκλησίας
569 803 625 870 καὶ
642 807 680 871 τὸ
694 809 825 888 πλῆθος
841 804 922 870 αὑτὸ
942 816 1014 872 πᾶν
1036 809 1180 896 ῆρξαντο

151 906 316 992 περὶτῶν
339 909 588 996 ἐγκεκλημένων
614 910 727 988 αὐτοῖς
749 910 992 993 ἀπολογεῖσθαι
1017 913 1081 980 καί
1105 921 1180 1001 μήτε

152 1019 345 1098 συγγενείας
371 1026 428 1101 τῆς
454 1020 537 1102 πρὸς
564 1017 686 1095 αὐτοὺς
712 1016 962 1102 ἀποστήσεσθαι
986 1022 1077 1104 μήτε
1102 1024 1180 1088 κατά

147 1124 373 1208 νεωτερισμὸν
392 1121 574 1207 ἀναστῆσαι
596 1126 656 1190 τὸν
679 1125 795 1208 βωμὸν
816 1121 938 1207 λέγειν,
962 1123 1084 1211 <112>
1099 1127 1180 1194 ἀλλά

151 1230 235 1294 θεόν
253 1227 289 1294 θ’
312 1227 371 1294 ἕνα
390 1231 566 1312 γινώσκειν
584 1232 644 1296 τὸν
661 1227 828 1316 Ἑβραίοις
850 1230 953 1296 ἅπασι
976 1235 1104 1300 κοινὸν
1127 1233 1207 1301 καίιι

152 1338 211 1400 τὸν
240 1338 304 1422 πρὸ
335 1345 392 1420 τῆς
421 1345 543 1420 σκηνῆς
571 1339 687 1421 βωμὸν
714 1341 878 1422 χαλκοῦν,
907 1329 934 1424 95
963 1337 1025 1414 τάς
1057 1346 1180 1418 θυσίας

152 1444 313 1526 ποιήσειν.
359 1445 419 1509 τὸν
441 1442 555 1528 μέντοι
577 1451 697 1527 γενῦν
721 1441 962 1526 ἀνασταθέντα,
986 1441 1034 1508 δι’
1061 1445 1104 1514 ὃν
1126 1446 1180 1513 καί

152 1547 295 1614 ὕποπτοι
313 1553 502 1633 γεγόνασιν,
522 1550 563 1615 οὑ
580 1550 663 1615 κατά
680 1553 867 1634 θρησκείαν
885 1550 1064 1636 ἱδρῦσθαι,
1086 1553 1180 1639 “σύμ-

152 1657 256 1737 βολον
287 1651 324 1720 δέ
354 1654 442 1732 ὅπως
469 1661 519 1739 εἰη
543 1653 598 1720 καί
620 1657 798 1741 τεκμήριον
826 1657 874 1732 εἰς
902 1657 961 1720 τὸν
986 1659 1101 1725 αἰῶνα
1122 1670 1179 1744 τῆς

152 1762 235 1846 πρὸς
256 1760 341 1844 ὑμᾶς
364 1762 573 1846 οἰκειότητος,
596 1759 651 1827 καί
670 1760 796 1845 ἀνάγκη
819 1769 880 1827 τοῦ
903 1775 1101 1848 σωφρονεῖν
1124 1766 1178 1832 καὶ
1191 1789 1211 1829 ιι

152 1877 221 1942 τοῖς
247 1871 396 1952 πατρίοις
426 1865 597 1952 ἐμμένειν,
627 1864 700 1933 ἀλλ’
727 1864 802 1953 οὑχί
829 1867 1048 1953 παραβάσεως
1081 1870 1178 1960 ἀρχή,

152 1971 197 2047 ὡς
219 1972 400 2039 ὑπονοεῖτε.
446 1974 555 2058 <113>
573 1974 698 2060 μάρτυς
717 1972 747 2039 δ’
769 1973 850 2058 ἡμῖν
873 1983 934 2038 τοῦ
958 1971 1012 2038 έπί
1034 1981 1177 2066 τοιαύτη

152 2081 211 2143 τὸν
227 2082 342 2163 βωμὸν
358 2081 446 2169 αἰτίᾳ
462 2080 703 2146 κατασκευάσαι
717 2077 875 2162 γένοιτοὸ
889 2081 970 2156 θεὸς
983 2078 1176 2169 ἀξιόχρεως.

153 2185 235 2253 ὅθεν
246 2187 405 2271 ἀμείνονα
416 2187 491 2275 περὶ
507 2190 601 2274 ἡμῶν
618 2190 747 2273 ἔχοντες
759 2185 928 2270 ὑπόληψιν
947 2182 1054 2270 μηδὲν
1076 2213 1176 2256 κατα-

153 2295 330 2375 γινώσκετε
348 2296 475 2361 τούτων
500 2292 551 2379 ἐφ’
574 2287 625 2372 οἷς
643 2294 773 2373 ἐξώλεις
791 2288 877 2358 εἰναι
896 2294 1019 2358 δίκαιοι
1037 2296 1175 2382 πάντες,
1188 2320 1210 2361 ιο

154 2400 227 2466 ὅσοι
245 2411 305 2467 τοῦ
325 2398 491 2487 Ἀβράμου
510 2400 628 2485 γένους
647 2404 740 2478 όντες
758 2396 930 2485 νεωτέροις
945 2398 1176 2486 ἐπιχειροῦσιν

154 2507 246 2568 ἔθεσι
269 2505 324 2570 καί
347 2516 407 2572 τοῦ
431 2510 601 2590 συνήθους
624 2509 749 2593 τρόπου
771 2503 1085 2592 παρηλλαγμένοις.’

101 2630 134 2679 28
221 2611 331 2693 <114>
352 2609 443 2676 ταῦτ’
466 2615 618 2689 εἰπόντας
641 2611 815 2688 ἐπαινέσας
838 2613 855 2677 ὁ
876 2609 1038 2696 Φινεέσης
1059 2626 1175 2700 παρῆν

153 2715 236 2799 πρὸς
254 2711 404 2801 Ἰησοῦν,
431 2715 486 2783 καί
513 2719 553 2782 τά
579 2714 656 2804 παρ’
685 2717 795 2783 αὐτῶν
822 2717 996 2802 ἀνήγγειλε
1019 2728 1065 2806 τῷ
1090 2726 1173 2810 λαῷ.

154 2820 172 2886 ὃ
197 2817 234 2886 δὲ
256 2825 382 2909 χαίρων
406 2825 455 2889 ὅτι
478 2826 621 2909 μηδεμία
640 2823 766 2908 ἀνάγκη
790 2830 1024 2911 στρατολογεῖν
1048 2825 1174 2906 αὐτοὺς
1189 2852 1213 2893 25

154 2926 263 3013 μένει,
290 2926 442 3014 μηδ’(είς
464 2931 549 2997 όπλα
571 2931 627 2998 καί
649 2935 796 3015 πόλεμον
820 2930 992 3014 ἐξαγαγεῖν
1014 2929 1084 2997 κατ’
1114 2934 1173 3001 ἀν-

155 3036 245 3121 δρών
276 3047 469 3122 συγγενῶν,
500 3041 732 3124 χαριστηρίους
761 3032 844 3123 ὑπὲρ
872 3039 1000 3102 τούτων
1027 3047 1074 3126 τῷ
1097 3046 1171 3129 θεῷ

153 3145 276 3217 θυσίας
298 3139 450 3207 ἐπετέλει.
495 3143 550 3208 καί
574 3145 733 3221 διαλύσας
751 3145 831 3228 μετά
854 3154 956 3209 ταῦτα
978 3146 1015 3210 τὸ
1039 3150 1173 3229 πλῆθος

154 3247 201 3322 εἰς
232 3248 290 3323 τάς
321 3249 407 3326 ἰδίας
434 3254 632 3336 κληρουχίας
660 3247 787 3334 Ἰησοῦς
819 3249 917 3326 αὑτὸς
949 3249 985 3314 ἐν
1015 3254 1174 3336 Σικίμοις

154 3352 279 3434 διῆγεν.
325 3356 435 3439 <115>
466 3359 530 3423 ἐτει
562 3354 592 3422 δ’
623 3357 764 3441 ὕστερον
794 3356 930 3444 εἰκοστῷ
962 3354 1174 3445 (ὑπέργηρως
1187 3383 1212 3424 ω

225 3477 428 3540 ἓΙΙΙειΙοε.
448 3478 525 3534 XXII
543 3485 586 3535 21.
