2460 3848
118 118 183 183 276
486 117 761 170 Apxnvomz

118 280 231 358 αὑτοῖς
262 279 328 347 ύπὸ
358 281 534 365 μονώσεως
563 278 604 345 οὐ
634 278 825 363 δυνάμενοι.
871 279 963 361 <48>
989 285 1150 368 τοιαύτης

118 384 156 452 δὲ
178 397 236 472 τῆς
259 396 432 474 συμφορᾶς
454 389 532 463 τοὺς
550 383 700 463 Ἀννίτας
722 387 990 471 καταλαβούσης,
1014 391 1149 456 παίδων

118 491 146 560 τ’
173 496 271 580 ὄχλος
303 493 388 559 έάλω
420 491 475 558 καὶ
507 502 677 576 γυναικῶν
706 489 761 556 καὶ
790 495 975 577 θεραπείας
1003 494 1065 560 καί
1095 507 1149 581 τῆς

118 602 220 686 ἀλλης
249 600 433 682 ἀποσκευῆς
463 600 602 684 ἀπειρόν
628 621 660 662 τι
688 602 825 682 πλῆθος.
871 595 999 682 ἀγέλας
1018 625 1070 690 ιτε
1095 607 1149 688 βο

118 707 293 790 σκημάτων
316 707 437 788 ἔλαβον
461 704 496 770 οί
510 701 659 789 Ἑβραῖοι
681 701 737 770 καὶ
759 707 910 791 χρηματα
932 708 1050 773 πολλά
1077 707 1169 797 (καῖε

118 813 181 898 γὰρ
209 813 371 877 πλούσιον
398 806 441 894 ἦν
468 813 506 876 τὸ
533 814 692 896 χωρίον),
720 809 775 876 καὶ
807 820 911 876 ταῦτα
936 812 1056 879 πάντα
1080 827 1150 892 τοῖς

118 919 331 1003 στρατιώταις
356 915 485 1000 Ἰησοῦς
511 914 655 1000 διένειμε
679 919 856 1000 γενόμενος
879 915 916 981 έν
940 919 1148 1004 Γαλγάλοις.

68 1045 99 1092 ιο
186 1023 272 1106 <49>
296 1025 505 1106 Γαβαωνῖται
526 1017 563 1086 δέ
582 1030 812 1098 κατοικοῦντες
834 1024 970 1105 ἔγγιστα
996 1037 1073 1105 τοῖς
1092 1027 1149 1094 Ἱε-

119 1130 329 1215 ροσολύμοις,
347 1129 387 1194 τά
400 1152 434 1194 τε
449 1138 518 1205 τοῖς
530 1124 776 1214 Ἱεριχουντίοις
792 1131 1034 1213 συμβεβηκότα
1053 1135 1148 1219 πάθη

117 1234 173 1301 καὶ
200 1237 240 1302 τά
270 1248 340 1314 τοῖς
365 1232 528 1311 Ἀννίταις
550 1236 709 1321 ὁρῶντες,
738 1233 794 1300 καὶ
823 1236 906 1321 πρὸς
929 1245 1024 1320 σφᾶς
1049 1265 1148 1324 μετα·
1160 1265 1179 1305 ιο

118 1345 283 1426 βησεσθαι
305 1344 342 1408 τὸ
361 1343 475 1407 δεινὸν
497 1341 732 1425 ὑπονοοῦντες,
751 1337 882 1423 Ἰησοῦν
905 1337 968 1424 μὲν
992 1365 1149 1431 παρακα-

119 1452 191 1514 λεῖν
214 1450 255 1514 ού
275 1447 460 1533 διέγνωσαν
484 1444 578 1534 (οὐδὲ
596 1448 660 1533 γάρ
678 1446 857 1526 τεύξεσθαί
875 1469 968 1524 τινος
990 1463 1069 1518 τῶν
1094 1478 1149 1538 με·

118 1560 220 1640 τρίων
238 1555 484 1640 ὑπελάμβανον,
503 1550 552 1619 ἐπ’
571 1552 702 1643 ὀλέθρῳ
720 1562 780 1620 τοῦ
795 1557 996 1619 Χαναναίων
1018 1561 1149 1638 ἔθνους

118 1664 241 1739 παντὸς
269 1666 493 1746 πολεμοῦντος
520 1660 656 1744 αὐτοῦ),
688 1660 776 1743 <50>
800 1662 991 1745 Κεφηρίτας
1026 1661 1148 1732 δὲκαὶ

119 1770 420 1854 Καριαθιαριμίτας
443 1770 593 1851 γείτονας
613 1767 711 1842 ὄντας
733 1765 845 1842 αὐτοῖς
869 1763 921 1830 ἐπὶ
945 1776 1148 1857 συμμαχίαν
1161 1796 1180 1837 ιι

118 1874 342 1957 παρεκάλουν,
372 1869 445 1938 οὐδ’
478 1872 600 1948 αὐτοὺς
626 1870 865 1957 διαφεύξεσθαι
891 1873 949 1937 τὸν
973 1875 1148 1945 κίνδυνον

119 1978 271 2062 λέγοντες
288 1982 320 2044 εί
335 1979 503 2065 φθάσειαν
522 1976 616 2044 αὐτοὶ
635 1977 820 2063 ληφθέντες
837 1977 903 2042 ὑπὸ
921 1988 990 2043 τῶν
1009 1977 1148 2068 Ἰσραη-

119 2090 236 2170 λιτῶν,
264 2089 525 2163 συνασπίσαντες
556 2082 585 2150 δ’
613 2084 727 2160 αὐτοῖς
750 2082 933 2167 διέγνωσαν
956 2085 1147 2173 διαδρᾶναι

118 2193 179 2276 τὴν
212 2194 357 2279 δύναμιν
389 2194 509 2260 αὐτῶν.
562 2191 648 2276 <51>
678 2187 954 2278 προσδεξαμένων
988 2187 1026 2255 δὲ
1063 2200 1147 2274 τοὺς

119 2302 239 2382 λόγους
261 2301 383 2385 αὐτῶν,
405 2299 570 2385 πέμπουσι
587 2296 741 2384 πρέσβεις
763 2299 845 2383 πρὸς
864 2293 995 2380 Ἰησοῦν
1018 2305 1145 2382 φιλίαν
1158 2332 1182 2372 ιο

119 2405 375 2492 σπεισομένους,
412 2407 470 2483 οὓς
501 2406 642 2491 μάλιστα
669 2415 736 2470 τῶν
767 2409 912 2469 πολιτῶν
940 2401 1144 2487 ἐδοκίμαζον

120 2511 255 2585 ἱκανοὺς
280 2512 400 2596 πρᾶξαι
427 2513 468 2577 τά
490 2509 701 2595 συμφέροντα
733 2518 778 2597 τῷ
806 2512 936 2592 πλήθει.
983 2507 1074 2594 <52>
1109 2518 1146 2580 οἳ

119 2612 149 2678 δ’
173 2614 350 2698 ὁμολογεῖν
368 2617 489 2694 αὑτοὺς
508 2619 719 2691 Χαναναίους
741 2611 919 2700 ἐπισφαλές
940 2615 1140 2699 ἡγούμενοι,

119 2718 357 2805 διαφεύξεσθαι
388 2718 425 2785 δὲ
454 2724 513 2787 τὸν
541 2721 596 2785 διά
625 2729 722 2785 τοῦτο
752 2721 914 2787 κίνδυνον
941 2721 1141 2808 ὑπολαμβά-

118 2851 249 2912 νοντες,
276 2828 307 2892 εί
329 2825 459 2913 λέγοιεν
483 2826 621 2906 ἑαυτοὺς
647 2827 692 2911 μὴ
720 2829 900 2911 προσήκειν
922 2827 1004 2893 κατά
1027 2827 1139 2912 μηδὲν
1153 2861 1179 2902 25

120 2938 321 3012 Χαναναίοις
344 2933 428 3000 ἀλλὰ
455 2934 655 3022 πορρωτάτω
678 2933 806 2999 τούτων
829 2945 1010 3016 κατοικεῖν,
1040 2935 1140 3017 ἥκειν

118 3062 152 3106 τε
175 3043 256 3107 κατά
285 3041 405 3107 πύστιν
434 3050 492 3124 τῆς
520 3041 637 3128 ἀρετῆς
666 3040 771 3105 αὐτοῦ
797 3041 925 3122 πολλὴν
953 3039 1140 3120 ἀνύσαντες

119 3148 201 3213 ὁδὸν
234 3151 398 3234 ἔφασκον,
429 3147 484 3214 καὶ
512 3150 691 3233 τεκμήριον
719 3155 780 3210 τοῦ
810 3149 913 3228 λόγου
945 3147 1065 3212 τούτου
1096 3152 1136 3214 τὸ

119 3261 227 3336 σχῆμα
248 3254 482 3320 ὑπεδείκνυον·
507 3253 594 3337 <53>
613 3253 671 3329 τὰς
688 3251 752 3335 γὰρ
776 3248 918 3334 ἐσθῆτας
940 3253 1056 3328 καινάς
1079 3251 1132 3317 ὅτ’

119 3355 239 3441 ἐξῇσαν
267 3360 369 3436 ούσας
395 3360 461 3426 ὑπὸ
487 3369 548 3426 τοῦ
574 3361 698 3445 χρόνον
728 3362 785 3437 τῆς
807 3355 999 3442 ὁδοιπορίας
1020 3357 1136 3437 αὐτοῖς
1149 3393 1177 3438 ³0

190 3479 521 3544 §48=10s.V11121.
