2460 3848
153 160 221 225 294
519 158 795 212 Ammona

153 321 298 388 ἀπιέναι·
314 324 376 406 τὴν
390 318 421 386 δ’
440 327 570 404 οίιιησιν
583 316 730 403 ἐδήλωσε
743 316 932 403 πηχίνειν
946 317 989 385 ἐν
1004 329 1048 405 τῇ
1059 317 1162 405 Ἐφρώ

154 453 220 514 μου
247 431 438 514 κληρουχίᾳ.
484 421 565 493 δδέ
589 424 776 509 πρεσβύτης
799 420 859 489 καί
888 424 954 489 διὰ
982 428 1052 511 τὴν
1075 421 1164 510 συγχέ-

88 538 106 567 “
154 560 249 601 νειαν
275 533 330 600 καί
358 535 415 598 διὰ
442 536 480 598 τδ
506 533 568 616 τὴν
594 530 699 614 αὐτὴν
726 528 841 613 φυλὴν
861 527 1014 617 νέμειν,
1046 530 1103 599 καί
1122 532 1165 617 μην

156 644 212 707 διά
239 643 300 724 τὴν
327 642 527 723 συντυχίαν,
557 635 634 723 παρ’
661 635 766 702 αὑτὸν
794 634 1102 724 ξενισθησόμενον
1119 634 1167 723 ἧχι.

155 748 265 828 <143>
284 749 411 810 νεανίαι
431 743 471 809 δέ
489 768 578 822 τινες
599 754 667 809 τῶν
686 744 873 826 Γαβαηνῶν
895 741 961 809 ἐπὶ
984 754 1051 830 τῆς
1072 745 1179 831 ἀγορᾶςί

155 854 193 916 τὸ
216 852 357 932 γύναιον
374 851 578 934 θεασάμενοι
595 847 652 915 καὶ
672 850 734 932 την
756 844 968 932 εὐπρέπειαν
991 852 1170 938 θαυμάσαν

155 979 219 1038 τες,
242 954 311 1020 ἐπεί
329 958 418 1041 παρὰ
436 965 482 1043 τῷ
500 956 669 1042 πρεσβύτῃ
686 950 897 1038 κατηγμένην
915 957 1078 1045 ἔμαθον,
1098 979 1172 1023 κατι-

155 1064 383 1146 φρονήσαντες
411 1071 469 1146 τῆς
499 1061 677 1138 ἀσθενείας
707 1058 763 1126 καὶ
788 1067 846 1142 τῆς
872 1059 1086 1149 ὀλιγότητος
1110 1060 1172 1148 ἧκον

156 1166 209 1233 ἐπὶ
223 1169 281 1245 τάς
292 1169 410 1253 θύρας.
446 1176 507 1232 τοῦ
526 1163 564 1232 δὲ
581 1168 769 1252 πρεσβύτου
781 1170 1074 1251 παρακαλοῦντος
1091 1170 1174 1237 ἀπαλ-

156 1274 335 1340 λάττεσθαι
353 1271 408 1340 καί
426 1274 471 1357 μὴ
494 1271 697 1359 προσφέρειν
719 1276 798 1358 βίαν
815 1268 895 1355 μηδ’
922 1271 1052 1361 ὕβριν,
1076 1275 1191 1360 'stiam'

156 1381 260 1447 αὐτὸν
282 1382 494 1466 παρασχόντα
522 1381 584 1462 τὴν
607 1377 706 1463 ξένην
727 1376 931 1463 πραγμάτων
956 1378 1174 1469 ἀπηλλάχθαι

157 1487 267 1570 <144>
294 1487 338 1562 ὡς
368 1481 406 1551 δὲ
438 1494 583 1569 συγγενῆ
614 1508 650 1549 τε
678 1483 831 1569 λέγοντος
859 1480 917 1547 καὶ
945 1489 1103 1554 Λευῖτιν
1128 1494 1175 1553 τοῦ

156 1593 361 1676 πρεσβύτου,
388 1589 443 1656 καί
474 1590 610 1676 δράσειν
633 1591 755 1667 αὐτοὺς
777 1589 871 1655 δεινὰ
893 1586 956 1673 ὑφ’
987 1592 1123 1678 ἡδονῆς
1141 1593 1176 1667 είς

157 1699 235 1772 τοὺς
257 1699 383 1780 νόμους
410 1695 708 1782 ἐξαμαρτάνοντας,
723 1688 931 1779 ’ὠλιγώρουν
958 1708 1030 1764 τοῦ
1055 1701 1176 1766 δικαίου

157 1799 212 1865 καί
239 1799 442 1885 κατεγέλων,
473 1803 632 1885 ἠπείλουν
660 1798 690 1866 δ’
718 1801 925 1867 ἀποκτείνειν
949 1801 1066 1871 αὐτὸν
1091 1804 1199 1891 έμποέ

158 1908 290 1984 δίζοντα
321 1917 392 1983 ταῖς
424 1905 616 1991 ἐπιθυμίαις
648 1907 777 1992 αὐτῶν,
812 1905 922 1989 <145>
950 1908 1004 1983 είς
1034 1909 1177 1994 ἀνάγκην

157 2010 376 2098 περιηγμένος
402 2010 524 2097 καὶμὴ
547 2015 752 2097 βουλόμενος
773 2015 852 2088 τοὺς
874 2008 992 2089 ξένους
1016 2017 1178 2102 περιιδεῖν

157 2116 393 2204 ὑβρισθέντας,
419 2127 476 2203 τῆς
506 2117 626 2184 ἑαυτοῦ
648 2120 818 2203 θυγατρὸς
844 2116 958 2192 αὐτοῖς
979 2123 1178 2206 παρεχώρει,

157 2227 345 2310 πληρώσειν
368 2248 403 2290 τε
432 2226 493 2309 τὴν
517 2225 698 2308 ἐπιθυμίαν
721 2223 842 2301 αὐτοὺς
864 2219 971 2305 λέγων
993 2228 1178 2311 νομιμώτε-

157 2353 219 2414 ρον
242 2332 318 2415 δίχα
340 2340 397 2414 τῆς
419 2332 466 2407 είς
487 2333 566 2407 τοὺς
588 2328 703 2408 ξένους
724 2329 867 2416 ὕβρεως,
889 2326 990 2404 αὐτός
1011 2352 1052 2394 τε
1077 2327 1205 2416 μηδενίθ
1229 2367 1230 2374 1

157 2433 329 2518 ἀδικήσειν
362 2435 421 2511 οὓς
451 2434 630 2513 ὑπεδέξατο
663 2438 770 2523 τούτῳ
801 2443 846 2522 τῷ
879 2434 990 2520 τρόπῳ
1020 2441 1179 2520 νομίζων.

157 2539 266 2620 <146>
290 2539 333 2613 ὡς
364 2536 394 2604 δ’
422 2535 523 2604 οὐδέν
553 2548 611 2623 τῆς
639 2543 789 2623 σπουδῆς
816 2549 874 2625 τῆς
903 2536 956 2603 ἐπὶ
986 2539 1052 2622 την
1081 2539 1180 2626 ξένην

158 2639 365 2724 ἐνεδίδοσαν,
388 2639 460 2707 ἀλλ’
484 2641 647 2709 ἐνέκειντο
670 2647 794 2729 ταύτην
814 2647 1020 2730 παραλαβεῖν
1044 2645 1180 2724 ἀξιοῦν-

157 2769 227 2832 τες,
259 2742 361 2831 δμδν
393 2745 516 2813 ἱκέτευε
545 2745 651 2832 μηδὲν
677 2754 804 2833 τολμᾶν
833 2751 1049 2837 παράνομον,
1084 2756 1122 2819 οἳ
1144 2750 1175 2818 δ’

158 2853 384 2940 ἁρπασάμενοι
415 2851 470 2918 καί
501 2852 725 2940 προσθέμενοι
757 2861 884 2939 μᾶλλον
916 2863 960 2943 τῷ
989 2857 1091 2943 βιαίῳ
1123 2868 1213 2943 τῆςι5

157 2960 282 3043 ἡδονῆς
309 2957 481 3041 ἀπήγαγον
508 2962 590 3046 πρὸς
617 2961 738 3038 αὑτοὺς
765 2963 826 3046 τὴν
853 2972 1015 3045 γυναῖκα,
1046 2962 1107 3029 καί
1131 2961 1176 3030 δι’

158 3065 237 3147 ὅλης
263 3072 321 3146 τῆς
349 3066 468 3140 νυκτὸς
495 3063 740 3150 ἐμπλησθέντες
765 3077 822 3150 τῆς
848 3067 976 3152 ὕβρεως
1004 3064 1180 3136 ἀπέλυσαν

157 3166 232 3252 περὶ
251 3166 437 3253 ἀρχομένην
456 3169 590 3256 ἡμέραν.
636 3173 746 3255 <147>
764 3172 785 3255 ἣ
805 3169 842 3237 δὲ
865 3175 1179 3260 τεταλαιπωρημένη

157 3282 227 3346 τοῖς
245 3275 469 3357 συμβεβηκόσι
487 3285 598 3362 παρῆν
616 3275 669 3342 ἐπὶ
687 3279 748 3362 την
767 3277 890 3360 ξενίαν,
912 3276 967 3342 καί
984 3276 1050 3343 ὑπὸ
1069 3282 1180 3366 λύπης

158 3368 206 3439 ὧν
237 3375 414 3443 ἐπεπόνθει
445 3379 501 3445 καί
532 3392 593 3447 τοῦ
624 3383 670 3466 μη
699 3386 823 3466 τολμᾶν
852 3379 912 3446 ὑπ’
938 3384 1097 3468 αἰσχύνης
1129 3390 1217 3464 εἰςιν

230 3501 245 3563 fl
266 3501 317 3553 143
332 3525 366 3544 =
380 3498 467 3554 Iudic.
487 3500 551 3554 XIX
571 3505 613 3556 22.
