2460 3848
97 138 140 204 88
463 140 739 193 ΔΡΧΔῙΟΔΟΓΙΑΣ

97 300 153 367 καὶ
166 309 212 391 τῶ
226 305 359 385 βασιλεῖ
370 297 581 386 συμφέροντα
598 300 840 384 ὑπολαμβάνοι,
859 301 917 365 τὸν
937 298 1113 384 ἐξευρόντα

98 410 160 493 τήν
177 417 238 474 τοῦ
256 406 447 492 πράγματος
465 406 547 472 ὁδὸν
566 404 621 471 καὶ
642 406 831 492 προστάτην
853 407 989 490 ἀριστον
1013 405 1114 486 αὐτῆς

98 513 278 597 ὑπολαβὼν
305 514 515 595 γενήσεσθαι.
561 512 649 597 <9Ο>
672 511 690 577 ὃ
715 509 768 595 δὲ,
794 512 914 595 ταύτης
940 511 1027 598 αὐτῷ
1057 518 1115 594 τής

100 619 250 697 ἐξουσίας
266 617 332 682 ὑπὸ
351 626 411 683 τοῦ
433 615 594 701 βασιλέως
611 620 780 702 δοθείσης,
803 619 966 703 σφραγῖδί
980 640 1014 682 τε
1036 625 1116 702 χρή-

100 731 182 789 σθαι
204 731 243 808 τῇ
266 722 371 788 αὐτοῦ
393 721 448 788 καὶ
471 725 648 810 πορφύραν
672 723 868 807 ἐνδύεσθαι,
897 724 952 788 διά
974 731 1032 806 τῆς
1055 730 1143 806 γήςο

100 829 228 914 ἁπάσης
247 829 398 894 ἐλαύνων
417 827 468 914 ἐφ’
491 831 635 916 άρματος
657 825 716 914 ήγε
740 833 799 896 τὸν
822 842 916 896 σίτον
938 829 1026 915 παρὰ
1049 839 1117 893 τῶν
1142 901 1153 917 ,

101 945 270 1021 γεωργῶν,
292 937 352 1001 τὸν
371 933 537 1021 ἀρκοῦντα
555 940 637 1023 πρός
655 959 690 1002 τε
709 940 836 1022 σπόρον
854 934 909 1000 καλ
932 936 1119 1021 διατροφήν

102 1038 252 1118 ἑκάστοις
274 1039 481 1128 ἀπομετρῶν,
504 1040 624 1131 μηδενὶ,
645 1045 817 1126 σημαίνων
839 1042 901 1124 τήν
924 1044 1032 1106 αἰτίαν
1054 1036 1114 1125 ὑφ’

102 1141 141 1230 ἧς
162 1143 253 1212 ταῦτ’
281 1149 426 1233 ἐπραττε.
464 1215 476 1239 ·

69 1251 89 1317 6
170 1252 259 1336 <91>
272 1256 468 1339 τριακοστὸν
482 1249 513 1318 δ’
536 1256 607 1330 έτος
625 1255 688 1337 ήδη
712 1263 769 1336 τής
790 1253 919 1336 ἡλικίας
941 1252 1028 1340 αὐτῷ
1054 1253 1122 1317 διε·
1136 1269 1163 1310 1⁰

103 1359 264 1441 ληλύθει,
296 1357 351 1424 καὶ
380 1368 474 1443 τιμής
502 1358 628 1442 ἁπάσης
658 1356 800 1424 ἀπέλαυε
827 1361 915 1445 παρὰ
942 1367 1003 1424 τοῦ
1026 1362 1123 1442 βασι-

103 1461 203 1548 λέως,
225 1462 280 1529 καὶ
302 1468 571 1550 προσηγόρευσεν
604 1465 707 1530 αὐτὸν
742 1465 1033 1550 Ψοθομφάνηχον,
1061 1463 1123 1530 ἀπ-

105 1571 188 1637 ιδδον
211 1569 314 1636 αὐτοῦ
332 1572 415 1656 πρὸς
431 1571 469 1636 τὸ
487 1570 676 1656 παράδοξον
694 1579 751 1653 τής
770 1569 945 1647 συνέσεως·
969 1573 1124 1654 σημαίνει

104 1677 168 1760 γάρ
195 1675 342 1759 τοῦνομα
368 1686 523 1762 κρυπτῶν
551 1677 699 1762 εὑρετήν.
745 1687 845 1761 γαμεί
870 1673 907 1742 δὲ
936 1674 991 1741 καὶ
1014 1676 1124 1759 γάμον

105 1779 378 1864 ἀξιολογώτατον·
402 1783 514 1864 ἀγεται
537 1784 601 1868 γάρ
624 1787 778 1868 Πετεφρή
801 1781 970 1867 θυγατέρα
992 1792 1059 1848 τῶν
1085 1782 1123 1848 ἐν
1137 1799 1164 1840 15

100 1883 314 1952 Ἡλιουπόλει
333 1885 460 1973 ἱερέων,
484 1887 734 1972 συμπράξαντος
755 1889 842 1976 αὐτῷ
866 1898 926 1954 τοῦ
950 1885 1123 1973 βασιλέως,

106 1993 154 2056 ἐτι
176 1990 360 2078 παρθένον,
380 1989 561 2077 Ἀσενέθην
585 1992 732 2078 ὀνόματι.
777 1994 865 2078 <92>
884 1993 920 2059 ἐκ
942 1995 1061 2078 ταύτης
1086 1990 1124 2060 δέ

106 2094 162 2162 καὶ
185 2099 301 2174 παῖδες
324 2098 412 2186 αὐτῷ
437 2101 587 2182 γίνονται
609 2102 673 2185 πρὸ
696 2108 753 2183 τῆς
776 2099 952 2186 ἀκαρπίας,
980 2104 1123 2166 Μανασ-

108 2198 167 2287 σής
190 2199 250 2287 μέν
274 2205 292 2270 ὁ
315 2206 536 2291 πρεσβύτερος
560 2203 726 2290 (σημαίνει
750 2203 781 2270 δ’
809 2205 981 2289 ἐπίληθον,
1005 2206 1061 2270 διὰ
1084 2210 1123 2273 τὸ

108 2307 396 2392 εὐδαιμονήσαντα
418 2313 529 2394 λήθην
552 2309 711 2397 εὑρέσθαι
734 2322 801 2376 τῶν
825 2309 1073 2398 ἀτυχημάτων),
1105 2313 1164 2378 62⁰

109 2410 146 2479 δέ
168 2416 328 2500 νεώτερος
351 2411 544 2500 Ἐφραίμης·
572 2415 753 2493 ἀποδιδοὺς
777 2413 814 2483 δέ
838 2428 935 2483 τοῦτο
959 2420 1125 2503 σημαίνει,

109 2521 165 2585 διά
187 2522 225 2586 τὸ
244 2519 453 2603 ἀποδοθῆναι
472 2520 574 2586 αὐτὸν
592 2531 631 2606 πή
650 2520 825 2609 ἐλευθερία
847 2535 914 2588 τῶν
937 2527 1125 2608 προγόνων.

108 2615 196 2709 <93>
214 2635 271 2709 τῆς
289 2621 320 2690 δ’
342 2627 514 2708 Αἰγύπτου
537 2627 619 2690 κατά
641 2627 702 2709 τήν
722 2624 882 2712 Ἰωσήπου
905 2639 972 2693 τῶν
995 2628 1127 2714 ὀνειρά-

109 2753 176 2796 των
208 2730 363 2815 ἐξήγησιν
396 2743 601 2817 μακαριστῶς
632 2735 686 2817 έτη
720 2730 799 2798 ἑπτά
832 2736 1074 2819 διαγαγούσης,
1108 2737 1126 2802 ὁ

65 2886 67 2890 ε
110 2839 205 2922 λιμὸς
226 2839 345 2921 ήπτετο
368 2846 413 2924 τῷ
438 2838 547 2925 ὀγδόῳ
571 2840 646 2923 ἔτει,
670 2837 725 2903 καὶ
749 2841 804 2903 διά
827 2843 863 2905 τὸ
887 2842 931 2924 μή
954 2847 1127 2926 προησθη-
1141 2859 1167 2901 ιε

111 2941 222 3027 μένοις
251 2941 418 3007 ἐπιπεσεῖν
441 2946 477 3008 τὸ
501 2946 619 3028 κακόν,
645 2946 848 3029 πονούμενοι
874 2951 1022 3031 χαλεπῶς
1043 2947 1128 3011 πάν-

113 3072 165 3126 τες
187 3046 243 3113 ὑπ’
267 3049 370 3115 αὐτοῦ
393 3046 447 3114 ἐπὶ
469 3050 526 3125 τάς
543 3060 603 3115 τοῦ
621 3049 782 3133 βασιλέως
804 3052 912 3136 θύρας
935 3049 1127 3138 συνέρρεον.

111 3154 199 3236 <94>
222 3154 240 3220 ὃ
264 3151 295 3219 δ’
319 3151 479 3238 Ἰώσηπον
502 3154 621 3239 ἐκάλει,
644 3156 794 3234 κάιιείνος
816 3160 875 3223 τὸν
899 3169 992 3223 σῖτον
1015 3157 1130 3237 αὐτοῖς

112 3258 300 3344 ἀπεδίδοτο,
318 3258 537 3345 γεγενημένος
552 3263 660 3348 σωτήρ
675 3262 949 3347 ὁμολογουμένως
966 3274 1027 3330 τοῦ
1045 3268 1129 3348 πλή-

111 3371 205 3442 θους.
250 3364 305 3431 καὶ
336 3368 398 3451 τήν
431 3365 556 3454 ἀγοράν
587 3368 628 3433 οὐ
654 3381 723 3446 τοῖς
753 3368 923 3456 ἐγχωρίοις
952 3375 1129 3456 προυτίθει
1143 3390 1170 3430 ω

184 3487 383 3553 ςοοεοεε.
402 3488 463 3541 xm
481 3494 524 3545 ιε.
