2460 3848
550 146 677 198 ΠΡΩΤΗ
1077 146 1121 211 53

173 307 284 391 <158>
313 308 514 391 μνημονεύει
542 303 579 372 δὲ
608 317 668 372 τοῦ
697 309 820 393 πατρὸς
841 308 935 392 ἡμῶν
955 306 1156 393 Ἀβράμουε

103 417 283 500 Βηρωσός,
314 413 376 479 οὑκ
405 412 595 497 ὀνομάζων,
627 412 735 497 λέγων
763 412 792 479 δ’
821 414 938 491 οὑτως·
970 413 1061 498 ’μετὰ
1085 411 1121 480 δὲ

102 523 164 587 τὸν
186 522 418 604 κατακλυσμὸν
437 520 555 606 δεκάτη
574 529 673 608 γενεᾷ
695 521 784 605 παρά
808 523 987 598 Χαλδαίοις
1008 545 1058 597 τις
1079 517 1122 604 ἦν

104 629 233 704 δίκαιος
246 626 332 712 ἀνὴρ
345 625 401 691 καὶ
415 624 516 711 μέγας
529 624 584 691 καὶ
597 628 637 691 τά
652 626 793 712 οὐράνια
816 626 988 711 έμπειρος.ἷ
1012 626 1122 710 <159>

78 731 271 810 ῡἙκαταίος
303 729 341 797 δὲ
372 730 428 797 καὶ
453 741 514 798 τοῦ
544 739 735 817 μνησθῆναι
765 731 867 799 πλέον
894 757 925 798 τι
952 737 1121 818 πεποίηκε·

103 843 238 924 βιβλίον
256 838 320 923 γάρ
339 835 415 921 περὶ
433 838 536 903 αὑτοῦ
555 836 799 923 συνταξάμενος
817 837 978 905 κατέλιπε.
1019 844 1122 906 Νικό-

104 950 184 1021 λαος
199 940 237 1009 δὲ
251 943 269 1010 δ
284 947 508 1028 Δαμασκηνὸς
521 943 559 1008 έν
573 953 611 1029 τῇ
624 945 762 1030 τετάρτῃ
774 955 841 1010 τῶν
860 945 1016 1031 ἱστοριῶν
1035 945 1122 1029 λέγει

104 1050 224 1127 οὑτως·
253 1044 432 1134 ΗΑβράμης
459 1048 650 1134 ἐβασίλευσε
678 1055 880 1135 Δαμασκοῦ,
910 1053 1032 1135 ἔπηλυς
1060 1055 1123 1117 σὺυ

104 1165 234 1244 στρατῷ
251 1153 434 1239 ἀφιγμένος
448 1153 484 1220 ἐκ
499 1165 557 1240 τής
573 1165 633 1240 γῆς
647 1153 730 1241 ὑπὲρ
739 1161 942 1241 Βαβυλῶνος
957 1161 1124 1233 Χαλδαίας

69 1283 94 1323 ιο
106 1260 316 1347 λεγομένης..
334 1262 443 1345 <160>
462 1259 530 1345 μετ’
553 1262 594 1327 οὐ
613 1265 721 1328 πολὺν
745 1260 782 1327 δὲ
800 1266 923 1349 χρόνον
947 1262 1123 1340 ἐξαναστάς

103 1366 160 1434 καὶ
178 1367 244 1434 άπὸ
262 1369 383 1451 ταύτης
399 1377 458 1452 τής
475 1369 583 1453 χώρας
605 1351 669 1433 σύν
688 1378 733 1456 τῷ
749 1369 895 1458 σφετέρῳ
915 1374 982 1456 λαῷ
998 1371 1045 1445 είς
1062 1370 1123 1451 τήν

104 1478 178 1541 τότε
198 1471 260 1559 μὲν
280 1477 472 1539 Χαναναίαν
492 1472 686 1557 λεγομένην,
708 1482 773 1540 νῦν
792 1472 829 1540 δὲ
848 1474 1027 1557 Ἰουδαίαν,
1050 1497 1124 1557 μετ-

105 1577 232 1668 φίιησε,
254 1578 310 1645 καὶ
333 1581 369 1646 οί
389 1578 444 1644 ἀπ’
473 1580 601 1646 ἐκείνου
625 1581 872 1663 πληθύσαντες,
899 1578 974 1664 περὶ
1006 1574 1054 1644 ὧν
1087 1581 1123 1643 ἐν

106 1684 207 1775 ἑτέρῳ
231 1689 319 1775 λόγῳ
343 1684 481 1772 διέξειμι
499 1688 539 1751 τά
558 1687 785 1772 ίστορούμενα.
822 1695 881 1751 τοῦ
905 1682 942 1750 δὲ
957 1683 1123 1770 Ἀβράμου

71 1812 94 1853 ιι
107 1794 155 1859 ἔτι
178 1789 235 1857 καὶ
256 1801 321 1857 νῦν
345 1791 383 1857 έν
404 1800 443 1877 τή
467 1796 673 1878 Δαμασκηνῇ
697 1793 845 1877 τούυομα
868 1791 1047 1877 δοξάζεται,
1069 1790 1124 1856 καὶ

105 1900 201 1983 κύμη
220 1895 275 1963 ἀπ’
298 1898 402 1964 αὑτοῦ
421 1901 589 1964 δείκνυται
603 1897 770 1985 Ἀβράμου
794 1906 919 1984 οἴκησις
941 1898 1123 1985 λεγομένη.’

176 2005 286 2088 <161>
311 2009 411 2089 λιμοῦ
440 2001 479 2069 δδ
507 2008 641 2091 χρόνοις
671 2007 812 2091 ὕστερον
842 2009 903 2090 τήν
931 2011 1158 2074 Χαναναίαν8

107 2113 368 2195 καταλαβόντος,
389 2109 556 2196 ’Ἅβραμος
580 2115 660 2187 τοὺς
683 2114 886 2193 Αἰγυπτίους
913 2111 1124 2194 εὐδαιμονεῖν

109 2220 301 2301 πυθόμενος
328 2222 495 2302 μεταίρειν
522 2219 604 2301 πρὸς
632 2216 753 2292 αὐτούς
780 2211 822 2298 ἦν
844 2219 1037 2301 πρόθυμος,
1068 2226 1125 2299 τής

73 2315 144 2382 τοτ’
176 2316 340 2404 ἀφθονίας
370 2332 428 2406 τής
460 2322 597 2388 ἐκείνων
627 2320 797 2406 μεθεξοον,
828 2319 884 2385 καὶ
910 2332 978 2386 τῶν
1009 2320 1124 2407 ίερέων

112 2423 272 2512 ἀκροατής
290 2428 446 2513 ἐσόμενος
465 2423 513 2494 ὧν
531 2425 660 2511 λέγοιεν
679 2426 755 2514 περὶ
772 2435 876 2493 θεῶν·
900 2428 999 2514 ήγδιρ
1017 2432 1125 2515 κρείσ-

110 2547 207 2598 σοσιν
225 2533 394 2619 εὑρεθεῖσι
408 2538 726 2619 κατακολουθήσειν,
748 2534 768 2618 ή
788 2538 1047 2620 μετακοσμήσειν
1066 2537 1125 2602 αύ-

108 2641 187 2716 τούς
214 2637 268 2705 έπλ
297 2643 334 2706 τὸ
362 2639 512 2725 βέλτιον,
543 2641 642 2718 αὐτὸς
664 2644 801 2725 άμεινον
824 2654 969 2729 φρονῶν.
1016 2643 1125 2725 <162>

110 2744 312 2831 ἐπαγόμενος
339 2743 377 2810 δὲ
404 2744 459 2810 καὶ
486 2748 548 2830 τήν
578 2747 736 2833 Σάρραν,
768 2747 822 2813 καὶ
850 2750 1059 2833 φοβούμενος
1088 2751 1125 2814 τὸ

70 2868 96 2909 2⁶
109 2853 192 2937 πρὸς
218 2838 275 2928 τδις
301 2863 462 2934 γυναῖκας
487 2863 555 2918 τῶν
578 2855 772 2937 Αἰγυπτίων
800 2852 954 2938 ἐπιμανές
961 2902 971 2936 ,
1001 2854 1045 2936 μή
1069 2854 1124 2916 διά

108 2959 170 3041 τήν
193 2957 380 3042 εὐμορφίαν
409 2967 466 3042 τής
487 2962 645 3041 γυναικὸς
668 2960 686 3026 ὁ
710 2962 864 3043 βασιλεὺς
887 2957 989 3021 αὑτὸν
1012 2954 1125 3042 άνέλη,

108 3062 230 3149 τέχνην
250 3063 407 3148 ἐπενόησε
428 3067 599 3147 τοιαύτην·
624 3065 768 3149 άδελφὸς
786 3063 886 3146 αὐτῆς
903 3057 990 3126 εἶναι
1008 3079 1126 3147 προσε-

109 3172 282 3254 ποιήσατο,
304 3170 460 3255 κάκείνην
474 3181 571 3237 τοῦτο
585 3171 832 3255 ὑποκρίνασθαι
852 3166 1047 3255 (συμφέρειν
1062 3173 1125 3258 γάρ

109 3276 236 3357 αὐτοῖς)
257 3275 417 3354 ἐδίδαξεν.
455 3277 565 3360 <163>
583 3278 627 3352 ὡς
646 3272 676 3341 δ’
699 3271 781 3358 ήκον
799 3277 847 3352 είς
863 3276 925 3359 τήν
943 3281 1127 3361 Αίγνπτου,

70 3379 268 3466 θάπέβαινε
295 3390 341 3469 τῷ
362 3379 514 3471 Ἀβράμφ
542 3383 655 3457 καθὼς
684 3381 857 3466 ὑπενόησε.
901 3384 938 3447 τὸ
963 3385 1026 3468 γάρ
1049 3384 1127 3448 κάλ-

184 3502 533 3568 ειειεσεΜΠιο.

163 3601 290 3643 Ionum.
312 3602 331 3643 1.
965 3597 988 3644 Q
