2460 3848
111 115 178 181 240
476 113 751 167 APxA10AOP1A2

110 279 269 361 Μωυσῆς.
314 277 424 361 <197>
444 272 691 361 νενεωτέρισται
710 270 741 339 δ’
762 274 843 358 ἡμῖν
865 276 902 339 τὸ
925 272 1008 339 κατά
1032 273 1132 358 γένος

111 381 230 448 ἕκαστα
257 381 363 461 τάξαι·
391 380 563 466 σποράδην
590 382 652 466 γάρ
681 378 736 445 ὑπ)
768 379 897 446 ἐκείνου
924 384 1131 466 κατελείφθη

111 486 290 576 γραφέντα,
312 486 368 553 καὶ
390 488 434 563 ὡς
457 480 595 552 ἕκαστόν
618 510 649 550 τι
671 487 760 571 παρά
783 494 844 552 τοῦ
865 492 950 552 θεοῦ
971 487 1131 554 πύθοιτο.

110 598 230 662 τούτου
259 594 357 680 χάριν
385 593 566 676 ἀναγκαῖον
593 593 769 677 ἡγησάμην
797 594 1131 678 προδιαστείλασθαι,

110 703 154 785 μὴ
178 703 237 765 καί
259 723 309 776 τις
335 700 415 784 ἡμῖν
443 700 532 784 παρά
559 709 626 764 τῶν
649 698 830 783 ὁμοφύλων
853 698 1154 784 ἐντυγχανόντωνῠ

109 815 149 890 τη
178 814 289 892 γραφη
322 803 443 890 μέμψις
475 807 520 883 ὠς
551 806 790 904 διημαρτηκίσι
821 802 964 889 γένηται.
1017 803 1132 891 <198>

110 914 177 996 ἔχει
196 908 228 975 δ’
254 911 359 989 οὕτως
376 912 397 996 ἡ
418 910 563 989 διάταξις
579 912 661 996 ἡμῖν
678 923 745 976 τῶν
764 914 878 995 νόμων
896 921 963 976 τῶν
985 909 1131 994 άνηκόνε

55 1057 58 1060 -
109 1040 176 1082 των
195 1019 243 1094 είς
260 1018 322 1101 την
340 1019 519 1084 πολιτείαν.
566 1017 624 1093 οὓς
647 1012 685 1080 δὲ
707 1019 842 1093 κοινοὺς
864 1017 945 1100 ἡμῖν
966 1016 1131 1105 καὶπρὸς

109 1122 273 1207 ἀλλήλους
300 1122 466 1206 κατέλιπε,
493 1123 632 1200 τούτους
658 1120 869 1208 ὑπερεθέμην
897 1125 944 1200 είς
965 1123 1028 1207 τὴν
1051 1123 1131 1212 περὶ

110 1227 200 1294 ἐθῶν
223 1228 278 1295 καὶ
301 1232 416 1295 αἰτιῶν
444 1228 624 1312 ἀπόδοσιν,
651 1229 694 1312 ἣν
722 1226 1043 1314 συλλαμβανομένου
1068 1241 1129 1298 τοῦ
1143 1248 1165 1287 1⁰

55 1400 57 1404 .
107 1341 193 1400 θεοῦ
216 1338 296 1421 μετά
319 1337 442 1420 ταύτην
464 1334 545 1420 ἡμῖν
568 1336 629 1419 την
651 1339 875 1421 πραγματείαν
899 1333 1129 1414 συντάξασθαι

108 1444 286 1528 πρόκειται.

72 1564 88 1610 5
174 1549 285 1632 <199>
304 1548 439 1614 ἐπειδάν
458 1547 519 1631 την
539 1550 738 1612 Χαναναίων
761 1554 825 1631 γῆν
848 1547 1049 1632 κτησάμενοι
1072 1548 1129 1614 καλ

109 1655 233 1738 σχολὴν
252 1653 306 1719 ἐπὶ
324 1656 439 1740 χρήσει
457 1662 524 1717 τῶν
548 1651 686 1735 άγαθσιν
709 1654 839 1737 ἔχοντες
852 1655 973 1730 πόλεις
995 1656 1033 1720 τὸ
1058 1660 1128 1722 λοι-

108 1760 172 1823 πὸν
194 1761 259 1843 ἤδη
283 1763 402 1838 κτίζειν
424 1764 643 1845 προαιρῆσθε,
666 1767 768 1824 ταῦτα
790 1768 963 1835 ποιοῦντες
984 1767 1032 1846 τῷ
1048 1756 1127 1850 θεῷ
1142 1777 1166 1818 1⁶

110 1867 191 1946 φίλα
205 1862 341 1950 πράξετε
355 1862 411 1929 καὶ
429 1865 489 1946 τὴν
508 1863 725 1947 εὐδαιμονίαν
743 1866 882 1947 βεβαίαν
900 1862 996 1941 ἕξετε.
1015 1865 1128 1952 <200>

109 1969 180 2055 ίερδι
207 1974 303 2047 πόλις
330 1972 412 2036 έστω
440 1973 499 2054 μία
525 1977 583 2052 τῆς
606 1973 805 2035 Χαναναίων
834 1977 893 2053 γῆς
917 1969 954 2034 έν
976 1978 1023 2058 τῷ
1048 1977 1128 2038 καλ-

106 2078 206 2165 λίστω
236 2075 292 2142 καὶ
320 2075 363 2143 δι’
391 2077 511 2165 ἀρετὴν
541 2074 709 2161 ἐπιφανεῖ,
741 2075 784 2159 ἣν
812 2075 854 2141 δν
882 2076 900 2141 δ
930 2078 1012 2154 θεὸς
1034 2079 1126 2168 αὑτῷ

107 2183 163 2246 διά
176 2187 378 2270 προφητείας
396 2181 571 2266 ἐκλέξηται.
608 2181 663 2247 καὶ
681 2183 765 2259 νεὼς
783 2174 831 2260 εἷς
853 2182 890 2247 έν
907 2183 1010 2268 ταύτῃ
1030 2185 1128 2270 ἔστω,

105 2287 161 2353 καὶ
179 2293 291 2374 βωμὸς
309 2281 357 2365 εἷς
370 2287 533 2362 έκλίθων
552 2290 597 2373 μη
616 2286 904 2375 κατειργασμένων
923 2286 1007 2353 ἀλλά
1026 2292 1128 2374 λογά-
1140 2309 1165 2349 ιο

107 2396 170 2478 δην
199 2391 443 2478 συγκειμένων,
474 2397 508 2458 οἳ
533 2394 707 2477 κονιάματι
735 2392 929 2479 χρισθέντες
951 2393 1128 2480 εὐπρεπεῖς

106 2496 136 2561 τ’
159 2496 227 2564 είεν
246 2498 302 2565 καὶ
323 2499 498 2583 καθάρειοι
515 2501 597 2583 πρὸς
619 2500 680 2581 τὴν
703 2495 796 2562 θέαν.
842 2499 952 2584 <201>
969 2500 991 2584 ἡ
1011 2499 1041 2565 δ’
1072 2501 1127 2568 ἐπὶ

105 2611 225 2668 τοῦτον
247 2607 430 2688 πρόσβασις
452 2607 534 2669 έστω
557 2604 601 2687 μη
625 2603 682 2666 διδ
704 2605 894 2688 βαθμίδων,
916 2604 1000 2671 άλλδ
1022 2626 1127 2690 προσ-

105 2708 238 2791 χώσεως
266 2711 354 2797 αὐτῷ
378 2711 459 2775 κατά
489 2719 636 2795 πρανοῦς
658 2708 847 2794 γενομένης.
894 2711 931 2776 έν
961 2711 1057 2802 ἑτέρᾳ
1088 2712 1127 2781 δὲ

105 2819 200 2883 πόλει
230 2820 309 2900 μη’τε
337 2819 448 2899 βωμὸς
471 2817 550 2899 μήτε
572 2815 656 2909 νεὼς
678 2818 774 2881 ἔστω·
802 2820 882 2895 θεὸς
911 2820 975 2903 γάρ
998 2811 1046 2896 εἷς
1069 2820 1163 2887 καίεο

105 2925 143 2988 τὸ
161 2919 325 3009 Ἑβραίων
348 2920 443 3004 γένος
466 2920 511 2986 έν.

71 3039 87 3087 6
173 3029 283 3112 <202>
307 3029 325 3094 δ
349 3024 387 3093 δὲ
408 3030 643 3112 βλασφημῆσαι
671 3031 836 3113 τολμήσας
857 3032 941 3095 θεὸν
963 3037 1125 3099 καταλευ-

106 3133 200 3211 σθεὶς
231 3135 427 3221 κριμνάσθω
460 3132 502 3199 δι’
538 3134 616 3218 ὅλης
647 3133 787 3222 ἡμέρας,
819 3134 875 3201 καί
911 3135 1035 3221 άτίμως
1067 3138 1125 3206 καὶ

105 3239 240 3324 άφανῶς
261 3239 452 3306 θαπτέσθω.

68 3363 85 3410 7
171 3346 281 3430 (203)
301 3344 577 3434 συνερχέσθωσαν
597 3343 629 3412 δ’
653 3348 700 3423 είς
716 3345 760 3429 ἣν
780 3345 822 3410 δν
841 3346 1038 3430 άποφηνωσι
1061 3357 1123 3420 πό·
1136 3368 1160 3410 ³⁰

156 3474 175 3535 §
193 3474 252 3525 199
267 3499 303 3519 ==
316 3471 435 3530 Denter.
456 3468 510 3526 XII
530 3472 553 3525 5.
628 3473 644 3535 ξ
662 3473 717 3522 θθὶ
731 3493 766 3512 =
777 3465 869 3520 Lavit.
885 3466 975 3520 XXIV
995 3476 1036 3524 15.

551 3734 680 3770 A
