2460 3848
117 151 160 216 36
485 155 758 207 ΑΡΧΑΙΟΛΟΓΙΑΣ

116 316 179 400 γάρ
209 317 268 381 τὸν
299 318 416 401 καιρὸν
444 314 569 400 φρέατα
598 311 641 398 ἦν
665 314 701 379 ἐν
725 322 769 402 τῷ
793 317 902 402 τόπφ,
932 322 997 378 νῦν
1020 309 1134 396 μέντοι

116 431 174 505 τῆς
197 424 396 506 Σοδομιτῶν
423 425 549 498 πόλεως
579 420 821 506 ἀφανισθείσης
842 420 863 504 η
886 421 1000 496 κοιλάς
1023 418 1133 502 ἐκείνη

117 531 216 612 λίμνη
246 526 386 611 γέγονεν
415 527 435 611 ἡ
462 524 670 612 Ἀσφαλτῖτις
699 525 869 611 λεγομένη.
920 526 1029 609 <175>
1058 523 1135 609 περὶ

117 630 178 717 μὲν
202 628 264 699 οὖν
287 643 345 718 τῆς
368 637 485 717 λίμνης
507 635 627 717 ταύτης
650 630 720 718 μετ’
749 634 789 699 οὐ
812 635 899 699 πολὺ
923 634 1133 717 δηλώσομεν·

117 749 184 805 τῶν
208 736 245 805 δὲ
268 741 465 823 Σοδομιτῶν
494 743 733 824 συμβαλόντων
760 751 829 816 τοῖς
849 736 1051 824 Ἀσσυρίοις,
1078 736 1162 802 καὶι

117 855 277 932 καρτερᾶς
294 855 350 930 της
368 847 473 931 μάχης
491 845 682 931 γενομένης,
704 843 822 911 πολλοὶ
840 841 902 929 μέν
924 844 1034 909 αὐτῶν
1057 841 1135 907 ἀπέ-

117 959 239 1035 θανον,
262 953 297 1017 οί
313 950 423 1019 λοιποὶ
443 950 472 1017 δ’
496 951 810 1039 ᾐχμαλωτίσθησαν·
836 954 899 1016 σὺν
918 943 968 1026 οἷς
986 948 1041 1014 καὶ
1060 953 1135 1013 Λῶ-

118 1082 173 1135 τος
195 1060 308 1142 ἤγετο,
330 1069 400 1135 τοῖς
421 1061 623 1143 Σοδομίταις
646 1060 815 1144 σύμμαχος
838 1057 1018 1141 ἐληλυθώς.

68 1167 109 1230 10
143 1174 145 1178 ’
186 1165 294 1247 <176>
310 1161 463 1253 Ἁβράμῳ
483 1161 516 1229 δ’
539 1164 718 1230 ἀκούσαντι
741 1166 802 1248 την
825 1163 1001 1247 συμφοράν
1025 1162 1135 1229 αὐτῶν

118 1274 223 1355 φόβος
249 1266 285 1334 θ’
318 1272 385 1354 ἀμα
411 1269 486 1356 περὶ
514 1272 633 1336 Λώτου
662 1281 846 1354 συγγενοῦς
874 1272 970 1346 ὄντος
992 1271 1136 1352 εἰσῆλθε
1151 1288 1178 1327 10

119 1373 174 1440 καὶ
193 1371 301 1453 οἶκτος
320 1374 396 1460 περὶ
414 1387 481 1442 τῶν
502 1379 700 1460 Σοδομιτῶν
719 1380 827 1461 φίλων
847 1378 953 1441 όντων
971 1373 1027 1440 καὶ
1050 1397 1136 1458 γειτ-

119 1482 280 1547 νιώντων.
326 1484 436 1566 <177>
463 1481 518 1548 καὶ
547 1487 689 1568 βοηθεῖν
721 1482 833 1558 αὐτοῖς
866 1482 1046 1566 δοκιμάσας
1074 1482 1137 1547 οὐκ

120 1584 304 1674 ἀνέμεινεν,
328 1585 400 1654 ἀλλ’
429 1588 593 1674 ἐπειχθεὶς
616 1587 672 1653 καὶ
694 1590 776 1654 κατά
798 1586 947 1672 πέμπτην
970 1587 1136 1653 ε’πιπεσών

119 1696 222 1760 νύκτα
244 1706 314 1772 τοϊς
333 1692 520 1781 Ἀσσυρίοις
541 1693 617 1780 περὶ
640 1697 757 1761 Δάνον
786 1695 887 1780 (οὕτω
911 1695 973 1779 γάρ
997 1693 1018 1776 ἡ
1042 1691 1136 1779 ἑτέρα

119 1810 179 1866 τοῦ
198 1798 371 1887 Ἰορδάνου
394 1803 674 1887 προσαγορεύεται
696 1801 798 1887 πηγή)
821 1799 876 1866 καὶ
899 1801 1033 1885 φθάσας
1055 1799 1136 1886 πρὶν
1152 1820 1178 1859 15

120 1904 157 1970 έν
186 1905 301 1982 ὅπλοις
329 1904 505 1990 γενέσθαι,
533 1910 612 1983 τοὺς
639 1904 700 1990 μὲν
728 1906 766 1971 έν
793 1919 863 1983 ταῖς
892 1911 1016 1983 κοίταις
1039 1907 1137 1985 όντας

120 2010 304 2096 ἀπέκτεινε,
332 2009 408 2096 μηδ’
441 2011 592 2077 ἐπίνοιαν
626 2021 683 2094 τῆς
716 2022 888 2098 συμφορᾶς
919 2015 1071 2098 ἔχοντας,
1104 2017 1140 2078 οἳ

121 2115 158 2184 δὲ
188 2121 284 2204 μήπω
315 2121 398 2206 πρὸς
425 2118 533 2184 ύπνον
559 2114 792 2203 τετραμμένοι,
825 2118 989 2204 μάχεσθαι
1013 2116 1043 2184 δ’
1070 2119 1136 2185 ὑπὸ

120 2223 225 2309 μέθης
248 2226 423 2308 ἀδύνατοι,
446 2228 581 2310 ἔφυγον.
629 2225 738 2307 (178)
754 2222 921 2310 ’Ἀβραμος
944 2222 981 2290 δὲ
1004 2227 1137 2291 διώκων

120 2333 246 2412 εἵπετο,
274 2329 369 2415 μέχρι
399 2328 455 2395 καὶ
485 2333 695 2416 δευτεραίους
724 2328 921 2414 γινομένους
949 2336 1136 2415 συνήλασεν
1152 2351 1178 2390 20

120 2435 241 2510 αὐτοὺς
271 2438 318 2512 είς
342 2433 422 2520 Ώβά
449 2446 505 2520 τῆς
528 2441 762 2522 Δαμασκηνῶν
793 2445 869 2520 γῆς,
899 2435 1062 2515 ἐπιδείξας
1086 2439 1137 2504 ότι

119 2542 157 2605 τὸ
180 2549 278 2604 νικᾶν
301 2541 363 2606 οὐκ
382 2540 418 2607 ἐν
437 2552 482 2630 τῷ
506 2546 629 2626 πλήθει
651 2542 706 2609 καὶ
729 2552 768 2628 τη
787 2547 981 2630 πολυχειρίᾳ
1002 2551 1137 2610 κεῖσθαι

121 2643 345 2731 συμβέβηκεν,
375 2644 446 2712 ἀλλ’
474 2647 494 2731 ἡ
518 2654 691 2735 προθυμία
713 2660 780 2715 τῶν
803 2648 998 2735 μαχομένων
1020 2649 1075 2715 καὶ
1098 2655 1135 2716 τὸ

120 2763 277 2836 γενναίου
300 2764 415 2839 κρατεῖ
434 2759 556 2832 παντὸς
575 2755 734 2842 ἀριθμοῦ,
757 2761 956 2843 τριακοσίοις
977 2755 1032 2822 καὶ
1056 2755 1135 2822 δέκα

121 2856 177 2924 καὶ
209 2860 294 2925 ὀκτώ
328 2857 469 2937 οίκέταις
500 2863 603 2928 αὐτοῦ
635 2861 690 2928 καὶ
721 2862 809 2949 τρισὶ
836 2868 947 2948 φίλοις
973 2864 1135 2929 τοσούτου
1150 2882 1176 2922 25

123 2976 265 3053 στρατοῦ
282 2970 544 3054 περιγενόμενος.
582 2969 699 3036 ὁπόσοι
718 2966 748 3034 δ’
771 2970 880 3036 αὐτῶν
894 2969 949 3036 καὶ
963 2967 1135 3054 διέφυγον,

122 3071 250 3151 ἀδόξως
272 3072 486 3159 ἀνέστρεψαν.

86 3192 102 3241 2
189 3179 299 3262 <179>
326 3177 491 3266 ’Ἀβραμος
522 3177 560 3246 δὲ
591 3185 669 3258 τοὺς
700 3193 767 3248 τῶν
799 3184 995 3265 Σοδομιτῶν
1028 3184 1137 3258 σώσας

122 3284 360 3370 αἰχμαλώτους,
383 3290 418 3352 οἳ
434 3285 618 3372 ληφθέντες
637 3290 754 3373 ἔτυχον
772 3289 837 3353 ὑπὸ
857 3299 922 3352 τῶν
940 3283 1136 3375 Ἀσσυρίων,

122 3388 177 3454 καὶ
195 3391 253 3455 τὸν
273 3401 417 3475 συγγενῆ
432 3396 562 3476 Λῶτον,
586 3390 734 3473 ἀνέζευξε
755 3391 825 3478 μετ’
846 3396 987 3480 είρήνης.
1033 3394 1136 3479 ἀπήν-
1150 3414 1177 3454 30

193 3517 208 3576 ξ
229 3511 409 3568 17636811.
430 3514 494 3568 XIV
514 3521 555 3570 10.
