2460 3848
103 151 147 216 84
468 152 742 206 ΔΡΧΔΙΟΛΟΓΙΔΣ

102 330 209 398 μνησο
232 312 345 398 μέντοι
363 314 491 379 τούτων
510 310 680 399 πειραθεὶς
698 323 758 379 τοῦ
780 316 1123 399 προκαταγγείλαντός

103 436 156 487 σοι
189 419 341 504 τάγαθά,
373 417 428 484 καὶ
459 422 638 502 γενόμενος
669 417 706 484 ἐν
734 417 868 505 ἐξουσίᾳ
895 420 938 503 μῆ
969 421 1122 506 περιίδῃς

101 525 187 610 ῆμάς
209 525 246 590 ἐν
266 517 316 602 οἷς
334 529 552 609 καταλείψεις,
574 527 656 611 πρὸς
678 525 699 590 δ
723 526 955 609 δεδηλώκαμεν
978 524 1120 612 ἀπερχό-

102 650 214 714 μενος·
237 630 326 713 <69>
345 627 446 695 οὐδέν
465 631 527 716 γάρ
551 629 786 717 ἐξαμαρτόντες
809 629 846 695 ἐν
869 632 1003 714 δεσμοῖς
1025 635 1123 715 γεγό-

101 758 226 819 ναμεν,
264 732 336 800 ἀλλ’
373 734 489 820 ἀρετῆς
521 735 616 801 ἕνεκα
646 733 702 800 καλ
734 736 954 821 σωφροσύνης
983 737 1023 800 τά
1053 749 1150 803 τῶνε

102 842 299 927 κακούργων
320 839 500 925 ὑπομένειν
522 846 775 929 κατεκρίθημεν,
798 837 879 908 οὐδὲ
901 837 970 925 μετ’
997 844 1123 920 οἰκείας

102 947 226 1030 ῆδονῆς
243 950 302 1013 τὸν
321 944 418 1013 ταῦθ’
441 947 525 1031 ἡμᾶς
548 947 773 1033 ἐργασάμενον
795 947 931 1034 ὑβρίσαι
953 950 1122 1031 θελήσαν-

101 1052 180 1129 τες.’
217 1060 262 1140 τηό
282 1049 343 1137 μὲν
362 1048 425 1119 οὖν
443 1056 584 1143 οἰνοχόῳ
603 1056 729 1140 χαίρειν
750 1055 831 1118 κατὰ
854 1056 891 1119 τὸ
910 1057 997 1130 εἰκὸς
1019 1053 1123 1120 ἀκού-

102 1174 198 1224 σαντι
225 1159 379 1242 τοιαύτης
405 1167 462 1241 τῆς
488 1168 548 1224 τοῦ
576 1158 745 1246 ὀνείρατος
773 1158 955 1243 ἐξηγήσεως
981 1159 1123 1246 ὑπῆρχε,

101 1264 157 1330 καὶ
179 1262 370 1351 περιμένειν
393 1275 460 1330 τῶν
483 1263 722 1350 δεδηλωμένων
745 1267 806 1350 τῆν
828 1269 997 1350 τελευτήν·
1029 1267 1122 1352 <70>
1137 1288 1162 1328 ιο

68 1390 83 1438 3
103 1373 203 1448 ἀλλος
226 1369 265 1436 δέ
286 1395 335 1448 τις
361 1369 413 1436 ε’πλ
436 1381 502 1437 τῶν
526 1383 704 1438 σιτοποιῶν
726 1370 921 1456 τεταγμένος
943 1382 1003 1437 τοῦ
1026 1376 1123 1455 βασι-

103 1475 195 1561 λέως,
218 1476 460 1561 συνδεδεμένος
477 1487 522 1567 τῷ
543 1480 696 1567 οἰνοχόῳ,
718 1479 874 1562 τοιαύτην
892 1477 1123 1561 ποιησαμένου

102 1594 163 1650 τοῦ
184 1581 344 1669 Ἰωσήπου
375 1582 450 1670 περὶ
481 1593 538 1668 τῆς
565 1586 671 1662 ὄφεως
698 1583 828 1649 ἐκείνου
855 1583 916 1665 τῆν
939 1581 1123 1670 ἀπόφασιν,

103 1692 235 1768 εὔελπις
253 1692 300 1756 ὥν
322 1688 390 1776 (καὶ
404 1692 466 1776 γάρ
486 1690 585 1765 αὐτὸς
603 1691 686 1775 όναρ
704 1683 747 1773 ῆν
764 1687 976 1774 τεθεαμένος)
1000 1688 1122 1773 ἠξίωσε

103 1799 162 1863 τὸν
186 1794 345 1878 Ἰώσηπον
373 1796 498 1880 φράσαι
524 1799 559 1860 τί
583 1794 724 1883 κάκείνῳ
754 1796 880 1878 δηλοῦν
902 1795 1058 1878 βούλεται
1081 1799 1123 1861 τά
1139 1817 1164 1857 ιτ

104 1903 161 1965 διά
192 1908 249 1982 τῆς
280 1901 513 1985 παρελθούσης
543 1902 662 1974 νυκτὸς
694 1899 851 1984 ὀφθέντα.
896 1901 984 1984 <71>
1012 1894 1055 1984 ἦν
1084 1899 1123 1968 δὲ

103 2015 247 2072 τοιαῦτα.
284 2003 391 2090 ’τρία’
415 2006 500 2087 φησί
520 2003 620 2068 ’κανᾶ
648 2003 762 2090 φέρειν
789 2003 872 2092 ὑπὲρ
897 2015 954 2089 τῆς
976 2013 1124 2092 κεφαλῆς

103 2111 215 2196 έδοξα,
239 2112 302 2177 δύο
321 2107 382 2195 μέν
401 2111 510 2195 ἀρτων
528 2108 622 2193 πλέα,
645 2113 682 2175 τὸ
703 2108 739 2175 δέ
762 2115 873 2197 τρίτον
897 2114 983 2189 όψου
1006 2135 1041 2177 τε
1065 2113 1122 2178 καί

104 2223 264 2286 ποικίλων
296 2216 495 2303 βρωμάτων,
525 2208 579 2282 οἷα
601 2220 774 2299 βασιλεῦσι
798 2218 998 2296 σκευάζεται·
1022 2242 1121 2284 κατα-

103 2322 289 2408 πταμένους
303 2319 333 2387 δ’
352 2323 493 2398 οἰωνοὺς
506 2323 633 2387 ἀπαντα
655 2325 852 2407 δαπανῆσαι,
871 2323 997 2408 μηδένα
1016 2326 1161 2407 λέγοντο

104 2429 207 2494 αὐτοῦ
241 2426 462 2511 ποιουμένους
493 2427 768 2512 ἀποσοβοῦντος.’
813 2430 901 2513 <72>
927 2428 983 2494 καὶ
1010 2429 1028 2493 δ
1057 2428 1120 2515 μέν

105 2535 224 2618 ὁμοίαν
241 2534 302 2616 τῆν
326 2537 511 2621 πρόρρησιν
534 2537 669 2599 ἔσεσθαι
692 2543 731 2619 τῆ
754 2545 815 2601 τοῦ
838 2537 993 2620 οἰνοχόου
1016 2555 1120 2622 προσ-

104 2642 219 2722 εδόκα,
247 2640 265 2705 ὁ
295 2636 332 2704 δέ
352 2637 509 2724 Ἰώσηπος
536 2641 715 2724 συμβαλὼν
742 2649 787 2728 τῷ
812 2645 958 2729 λογισμῷ
981 2638 1120 2731 τοῦναρ,

103 2744 263 2832 καὶπρὸς
293 2747 395 2814 αὐτὸν
422 2748 524 2812 εἰπὼν
552 2747 596 2823 ὡς
620 2744 765 2830 ἐβούλετ’
792 2747 834 2812 ἀν
857 2747 996 2830 ἀγαθῶν
1019 2747 1120 2834 ἑρμη-

103 2854 221 2937 νευτῆς
254 2851 342 2940 αὐτῷ
376 2851 548 2936 γεγονέναι
580 2851 634 2918 καλ
666 2853 726 2938 οὐχ
757 2854 838 2918 οίων
870 2849 994 2940 τοῦναρ
1027 2855 1119 2944 αὐτῷ
1134 2873 1160 2914 ετ

105 2961 216 3045 δηλοῖ,
244 2956 333 3043 λέγει
360 2960 422 3024 δύο
450 2960 507 3036 τάς
533 2959 638 3036 πάσας
666 2962 713 3024 ἔτι
740 2968 801 3026 τοῦ
825 2964 882 3042 ζῆν
905 2960 1006 3026 αὐτὸν
1030 2963 1120 3045 έχειυ

103 3063 225 3152 ἡμέρας
249 3066 303 3152 (τά
325 3067 388 3151 γάρ
407 3075 492 3131 κανᾶ
510 3076 607 3131 τοῦτο
632 3066 830 3150 σημαίνειν),
853 3067 941 3150 <73>
963 3075 1002 3150 τῆ
1025 3071 1120 3155 τρίτη

105 3167 135 3233 δ’
167 3171 270 3236 αὐτὸν
298 3170 598 3258 ἀνασταυρωθέντα
625 3174 730 3256 βοράν
758 3175 893 3238 έσεσθαι
922 3185 991 3250 τοῖς
1013 3194 1120 3239 πετει-

103 3286 187 3359 νοῖς,
210 3273 312 3343 οὐδέν
335 3277 475 3361 ἀμύνειν
499 3274 604 3365 ἐαυτῷ
629 3278 826 3362 δυνάμενον.
872 3276 926 3343 καί
950 3280 991 3363 δῆ
1015 3288 1120 3345 ταῦτα

103 3381 196 3459 τέλος
225 3383 343 3466 ὅμοιον
370 3375 420 3460 οἷς
448 3381 642 3468 όἸόισηπος
668 3380 759 3450 εἶπεν
786 3383 983 3470 ἀμφοτέροις
1006 3388 1117 3471 ἔλαβε·
1133 3406 1159 3447 ιο

175 3505 502 3570 εοεεεεηκοιο.
608 3498 624 3515 ”

491 3784 586 3808 Α
