2460 3848
117 153 160 218 52
481 143 756 207 Apmvom

115 318 132 383 ὁ
156 317 283 382 τούτων
314 310 340 380 ὦ
369 317 467 398 γύναι
500 327 566 380 τῶν
598 316 727 380 παίδων
754 297 884 390 πάππος
915 311 1060 397 ἀδελφὸς
1089 309 1135 397 ἦν

113 421 279 508 Ἀβράμου
304 422 503 507 ὁμοπάτριός
529 445 563 487 τε
587 419 641 486 καὶ
666 421 873 504 ὁμομήτριος.
919 419 1028 502 <253>
1051 416 1135 502 πέμ-

114 550 168 592 πει
191 530 307 593 τοίνυν
332 522 428 604 οὗτος
451 530 533 612 πρὸς
554 526 650 610 ὑμᾶς,
673 525 774 604 ἀξιῶν
796 527 858 609 την
880 527 985 610 κόρην
1007 524 1135 610 ταύτην

117 630 211 696 παιδὶ
234 641 279 720 τῷ
299 629 420 698 ἑαυτοῦ
443 635 558 716 λαβεῖν
576 634 658 717 πρὸς
680 632 799 715 γάμον,
823 630 859 708 ὃς
882 632 1017 714 γνήσιός
1041 629 1133 696 ἐστιν

116 738 204 827 αὐτῷ
224 735 279 803 καὶ
298 741 400 822 μόνος
418 734 471 803 ε’πὶ
489 749 557 814 τοῖς
575 746 654 802 πᾶσι
672 733 911 821 τεθραμμένος,
934 729 960 823 ᾧ
980 747 1046 800 τῶν
1071 733 1161 820 μὲντ

117 845 186 909 ἐκεῖ
206 855 374 927 γυναικῶν
398 845 542 909 δυνατὸν
572 843 611 908 δν
635 843 722 929 αύτςῦ
746 844 807 926 τὴν
830 842 1133 927 εὐδαιμονεστάτην

117 953 231 1034 λαβεῖν
250 950 312 1016 ούκ
330 949 469 1032 ἠξίωσεν
489 946 683 1032 ἀγαγέσθαι,
706 943 809 1032 τιμῶν
833 945 870 1013 δὲ
892 951 930 1014 τὸ
953 946 1049 1030 γένος
1072 952 1133 1015 τὸν

116 1057 223 1140 γάμον
246 1056 411 1120 πολιτεύει
438 1065 565 1120 τοῦτον.
612 1055 722 1138 <254>
745 1049 786 1120 οὗ
813 1056 874 1138 τὴν
902 1056 1053 1138 σπουδὴν
1077 1055 1133 1120 καὶ

116 1164 177 1246 τὴν
200 1166 393 1247 προαίρεσιν
416 1162 460 1245 μὴ
484 1161 653 1246 ὑβρίσητε·
676 1163 757 1226 κατά
776 1163 839 1246 γάρ
861 1168 946 1227 θεοῦ
969 1161 1132 1246 βούλησιν

117 1268 158 1332 τά
180 1265 207 1331 τ’
231 1268 314 1331 ἀλλα
333 1290 390 1349 μοι
409 1266 490 1330 κατά
507 1266 569 1349 τὴν
589 1266 670 1332 ὁδὸν
689 1264 854 1348 ἀπήντησε
872 1264 927 1330 καὶ
945 1267 1006 1350 τὴν
1029 1269 1133 1331 παῖδα
1148 1286 1173 1324 10

117 1371 172 1438 καὶ
195 1375 254 1438 τὸν
276 1370 436 1457 ὑμέτερον
459 1365 553 1436 οἶκον
571 1366 686 1456 ηὗρον.
733 1370 802 1436 ἐπεὶ
825 1372 888 1456 γάρ
912 1376 1053 1456 πλησίον
1076 1382 1133 1457 της

117 1481 243 1555 πόλεως
257 1477 431 1562 ἐγενόμην,
453 1475 643 1562 παρθένους
658 1476 741 1542 ίδὼν
759 1477 882 1553 πολλάς
897 1476 950 1542 ἐπὶ
970 1479 1007 1543 τὸ
1025 1476 1132 1563 φρέαρ

117 1583 382 1670 παραγινομένας
399 1583 549 1669 ηὐξάμην
568 1585 615 1660 είς
637 1584 759 1667 ταύτην
779 1581 946 1666 ἐμπεσεῖν·
971 1583 988 1649 ὃ
1013 1584 1054 1667 δὴ
1077 1583 1133 1649 καὶ

118 1689 243 1774 γέγονε.
289 1691 397 1772 <255>
425 1690 532 1773 γάμον
563 1683 625 1755 οὗν
652 1687 717 1753 ὑπὸ
747 1691 842 1764 θείας
865 1693 1133 1773 μνηστευόμενον

119 1793 383 1880 ἐπιφανείαςκαὶ
401 1795 495 1877 ὑμεῖς
513 1797 694 1880 κυρώσατε,
716 1793 771 1859 καὶ
784 1792 952 1879 ’Ἅβραμον
970 1797 1028 1860 τὸν
1052 1798 1133 1878 μετά
1148 1813 1173 1853 1⁵

11 1931 14 1938 ·
118 1900 278 1982 τοσαύτης
292 1899 515 1965 ἀπεσταλκότα
525 1903 672 1984 σπονδης
684 1909 729 1987 τῷ
744 1909 943 1966 κατανεῦσαι
958 1901 1018 1983 την
1029 1903 1133 1985 κόρην

117 2004 293 2089 τιμήσατε.’
331 2008 366 2070 οἳ
382 2001 421 2068 δέ
438 2002 536 2090 (καλά
555 2007 617 2091 γάρ
636 2002 678 2090 ἦν
697 2006 809 2082 αὐτοῖς
827 2004 881 2070 καὶ
899 2004 1133 2093 κεχαρισμένα)

118 2115 180 2196 την
202 2136 237 2177 τε
259 2112 396 2195 γνώμην
419 2121 478 2176 τοῦ
501 2118 586 2177 θεοῦ
606 2121 765 2196 συνηκαν,
788 2111 842 2177 καὶ
865 2110 1051 2196 πέμπουσιν
1075 2111 1129 2198 ἐφ’

119 2211 169 2296 οἷς
198 2217 293 2301 ἠξίου
325 2218 386 2300 τὴν
417 2215 594 2303 θυγατέρα.
640 2230 739 2302 γαμεῖ
768 2216 795 2282 τ’
828 2219 932 2303 αὐτην
962 2217 1152 2296 δ”Ισακος-

119 2336 186 2388 τῶν
208 2321 411 2408 πραγμάτων
433 2325 480 2400 είς
502 2323 604 2388 αύτὸν
632 2322 855 2407 ἀφικομένων·
870 2325 914 2389 ὀί
935 2326 997 2409 γάρ
1022 2323 1058 2389 ἐκ
1077 2333 1133 2407 τῆς
1148 2344 1174 2382 20

120 2429 287 2513 Χετούρας
310 2430 357 2504 είς
380 2431 437 2505 τάς
460 2429 610 2506 ἀποικίας
634 2428 885 2512 ἐξεληλύθεσαν.

67 2535 107 2600 17
188 2535 296 2616 <256>
319 2540 454 2622 τελευτᾷ
478 2532 514 2599 δέ
537 2533 592 2600 καὶ
607 2532 774 2620 ’Ἅβραμος
796 2533 864 2627 μετ’
893 2536 1025 2620 ὀλίγον,
1047 2535 1133 2622 ἀνὴρ

119 2648 228 2703 πᾶσαν
247 2638 368 2724 ἀρετην
388 2643 488 2726 ἀκρος
505 2640 559 2706 καὶ
578 2650 635 2724 της
653 2639 728 2727 περὶ
747 2641 848 2707 αὐτὸν
867 2644 1013 2726 σπουδῆς
1036 2642 1134 2721 ἀξίως

118 2746 183 2812 ὑπὸ
201 2757 261 2812 τοῦ
279 2752 364 2811 θεοῦ
378 2747 596 2832 τετιμημένος.
643 2747 759 2832 ἐβίωσε
779 2745 816 2813 δὲ
834 2752 893 2815 τὸν
911 2751 1039 2814 άπαντα
1057 2752 1133 2834 χρό-

119 2877 182 2918 νον
202 2851 284 2917 έτῶν
303 2849 530 2937 ἑβδομήκοντα
548 2852 603 2919 καὶ
617 2853 712 2920 πέντε
731 2857 813 2938 πρὸς
835 2866 904 2931 τοῖς
927 2852 1055 2938 ἑκατόν,
1078 2853 1133 2919 καὶ
1148 2872 1174 2912 25

119 2960 279 3025 θάπτεται
306 2957 343 3024 έν
368 2963 517 3045 Χεβρῶνι
540 2962 620 3043 μετά
648 2970 704 3043 τῆς
731 2963 888 3044 γυναικὸς
911 2960 1045 3046 Σάρρας
1067 2959 1133 3025 ὑπὸ

120 3077 187 3131 τῶν
209 3069 338 3131 παίδων
359 3062 486 3131 Ἰσάκου
509 3065 564 3131 καὶ
584 3064 768 3151 Ἰσμαήλου.

69 3171 109 3237 18
186 3171 294 3254 <257>
314 3168 429 3260 Ἰσάκῳ
448 3168 486 3236 δὲ
508 3174 588 3255 μετά
607 3175 666 3256 την
686 3171 852 3259 Ἀβράμου
871 3175 1026 3256 τελευτὴν
1045 3174 1133 3238 ἐκύει

119 3278 157 3341 τὸ
185 3277 338 3358 γύναιον·
371 3276 424 3342 καλ
456 3287 513 3361 της
539 3281 679 3361 γαστρὸς
707 3277 759 3343 ἐπὶ
792 3283 902 3363 μεῖζον
931 3278 1134 3364 ὀγκουμένης

121 3383 308 3466 ἀγωνιάσας
335 3382 473 3469 ἀνήρετο
501 3386 558 3449 τὸν
586 3388 678 3450 θεόν.
724 3385 839 3470 φράζει
869 3382 899 3450 δ’
927 3386 1014 3472 αὐτῷ
1040 3387 1133 3450 διδύ-
1148 3405 1174 3444 30

193 3504 410 3568 §253=Gen.
430 3504 519 3559 XXIV
538 3511 579 3558 3⁷.
653 3505 870 3571 §257=Gen.
892 3507 968 3561 XXV
987 3515 1029 3562 21.
