2460 3848
125 160 168 226 96
489 159 763 213 ffmvom

124 322 269 406 ἠξίωσαν
283 327 500 407 ποιήσασθαι,
518 323 579 405 τὴν
594 318 707 405 μέντοι
720 321 881 404 τιμωρίαν
900 315 974 395 ἑνὸς
994 321 1142 402 ἔφασκον

125 425 211 495 είναι
234 439 295 495 τοῦ
318 431 379 513 τῆν
401 429 528 511 κλοπὴν
555 424 752 514 εὑρεθέντος
774 430 985 507 πεποιῆσθαι.
1032 424 1143 508 <132>

125 536 186 619 την
214 532 251 600 δὲ
280 538 412 619 ζῆτησιν
439 534 652 615 ποιούμενοι,
684 530 739 597 καὶ
766 531 890 607 πάντας
916 533 993 606 τοὺς
1020 531 1144 608 ἀλλους

126 641 396 725 ἐκπεριελθόντες
418 638 499 702 κατὰ
527 639 588 721 τὴν
612 640 767 723 ἔρευναν,
795 635 849 701 ἐπὶ
870 638 930 701 τὸν
952 640 1143 702 τελευταῖον

125 742 286 827 Βενιαμίν
318 738 421 826 ἧκον,
459 741 520 808 οὐκ
551 741 751 826 ἀγνοοῦντες
783 744 833 808 ὅτι
866 744 913 819 είς
942 743 979 807 τὸ
1013 741 1169 808 έκείνουῠ

126 853 243 915 σακίον
273 849 332 913 τὸν
360 849 491 933 σκύφον
519 844 586 913 εἶεν
609 848 891 934 ἀποκεκρυφότες,
923 845 995 913 ἀλλ’
1023 847 1143 934 ἀκριβῆ

125 955 187 1038 τῆν
216 956 347 1038 ζῆτησιν
374 958 575 1038 βουλόμενοι
602 961 770 1022 ποιεῖσθαι
804 957 925 1020 δοκεῖν.
970 953 1082 1038 <133>
1111 956 1147 1020 οί

125 1057 186 1144 μὲν
219 1056 282 1127 οὖν
310 1061 406 1126 ἄλλοι
433 1072 493 1127 τοῦ
520 1060 598 1126 καθ’
625 1062 747 1138 αὑτοὺς
774 1059 1019 1145 ἀπηλλαγμένοι
1048 1059 1145 1136 δέους

126 1167 163 1232 έν
195 1177 234 1254 τῆ
266 1165 342 1252 περὶ
374 1170 432 1232 τὸν
460 1167 622 1251 Βενιαμὶν
649 1169 805 1254 φροντίδι
835 1170 872 1233 τὸ
900 1169 1018 1233 λοιπὸν
1045 1161 1145 1250 ἦσαν,

127 1273 297 1360 ἐθάρρουν
312 1271 341 1338 δ’
368 1275 412 1350 ὡς
430 1272 506 1339 ούδῑ
529 1273 565 1339 έν
585 1273 699 1362 έκείνφ
713 1282 770 1357 τῆς
788 1277 986 1358 κακουργίας
1004 1272 1143 1357 εὑρεθῆ·
1159 1290 1182 1330 1⁰

127 1378 279 1463 σομένης,
304 1379 452 1458 ἐκάκιζόν
470 1403 505 1444 τε
524 1383 603 1456 τοὺς
626 1377 862 1456 ἐπιδιώξαντας
884 1380 928 1455 ὡς
951 1378 1144 1461 ἐμποδίζον-

126 1509 184 1562 τας
216 1485 328 1562 αύτοῖς
360 1489 420 1569 την
453 1486 535 1552 ὁδὸν
567 1483 765 1568 δυναμένοις
796 1486 859 1568 ῆδη
892 1481 1143 1569 προκεκοφέναι.

127 1591 238 1677 <134>
256 1593 300 1668 ὡς
319 1588 356 1656 δὲ
374 1593 411 1657 τὸ
430 1600 490 1658 τοῦ
503 1589 664 1675 Βενιαμὶν
683 1594 822 1676 φορτίον
842 1590 1041 1675 ἐρευνῶντες
1063 1594 1143 1673 λαμ-

128 1699 269 1783 βάνονσι
299 1700 358 1764 τὸν
382 1700 526 1782 σκύφον,
554 1699 601 1773 είς
625 1698 769 1781 οίμωγάς
791 1694 846 1761 καὶ
868 1699 1017 1780 θρήνους
1040 1694 1144 1771 εὐθὺς

129 1804 328 1890 ἐτράπησαν,
346 1801 401 1868 καὶ
419 1804 476 1878 τὰς
495 1803 613 1878 στολὰς
631 1802 944 1889 ἐπικαταρρήξαντες
962 1802 1096 1867 ἔκλαιόν
1109 1824 1143 1866 τε
1158 1817 1180 1858 15

128 1913 187 1975 τὸν
206 1909 353 1996 ἀδελφὸν
373 1906 425 1973 ἐπὶ
443 1918 482 1993 τῆ
502 1910 667 1994 μελλούσῃ
691 1910 824 1975 κολάσει
842 1917 899 1992 τῆς
915 1913 1050 1990 κλοπῆς,
1069 1905 1144 1973 έαυ-

129 2017 207 2093 τούς
237 2040 271 2081 τε
304 2013 589 2098 διαψενσαμένους
611 2016 669 2080 τὸν
695 2014 817 2100 πατέρα
849 2012 925 2099 περὶ
947 2021 1004 2094 τῆς
1026 2016 1144 2078 Βενια-

129 2119 187 2204 μὶν
220 2126 389 2207 σωτηρίας.
440 2120 550 2204 <135>
582 2116 724 2184 ἐπέτεινε
754 2117 790 2184 δέ
818 2122 855 2185 τὸ
884 2121 996 2184 δεινὸν
1033 2119 1146 2196 αὐτοῖς

129 2225 184 2291 καί
208 2229 245 2292 τὸ
270 2228 429 2307 δόξαντας
446 2230 511 2311 ῆδη
532 2229 708 2312 διαφυγεῖν
732 2228 771 2291 τά
795 2226 977 2312 σκυθρωπὰ
999 2227 1146 2309 διαφθο-

129 2338 286 2416 νηθῆναι,
331 2345 398 2398 τῶν
431 2329 468 2397 δὲ
496 2331 571 2417 περὶ
603 2336 661 2399 τὸν
691 2332 838 2415 ἀδελφὸν
868 2342 978 2395 κακῶν
1005 2329 1061 2395 καὶ
1090 2340 1185 2415 τῆςιο

129 2440 335 2522 τοῦπατρὸς
361 2435 410 2501 ἐπ’
439 2437 527 2524 αύτῷ
551 2439 655 2521 λύπης
679 2435 836 2520 ἐσομένης
860 2434 997 2512 ἑαυτοὺς
1020 2438 1147 2514 αίτίους

130 2546 257 2628 ἔλεγον,
280 2540 501 2625 βιασαμένους
520 2545 642 2607 ἀκοντα
660 2545 719 2608 τὸν
738 2541 860 2628 πατέρα
879 2547 1145 2608 συναποστεῖλαι.

94 2667 110 2716 8
195 2650 306 2733 <136>
327 2651 362 2714 οί
382 2644 443 2733 μέν
466 2644 529 2714 οὖν
553 2649 660 2725 ίππείς
682 2653 929 2734 παραλαβόντες
951 2651 1010 2714 τὸν
1028 2651 1147 2714 Βενια-

130 2754 189 2840 μίν
212 2751 296 2840 ἦγον
324 2758 406 2839 πρὸς
426 2751 585 2838 Ἰώσηπον
615 2752 759 2820 καὶτῶν
783 2754 938 2839 ἀδελφῶν
962 2753 1146 2839 ἑπομένων·

131 2862 148 2928 δ
173 2859 211 2927 δέ
239 2864 298 2928 τὸν
326 2857 387 2945 μέν
415 2863 498 2925 ίδὼν
526 2861 563 2926 έν
590 2868 721 2947 φυλακῆ
749 2864 826 2938 τοὺς
854 2858 884 2925 δ’
912 2860 948 2925 έν
971 2865 1147 2945 πενθίμοις
1160 2873 1184 2917 25

132 2973 290 3055 σχήμασι,
319 2967 368 3032 ’τί
393 2966 449 3050 δῆ’
474 2971 595 3051 φησίν,
619 2963 661 3031 ‘6⁷2
685 2968 848 3050 κάκιστοι,
875 2971 1103 3053 φρονήσαντες
1126 2967 1146 3051 ῆ

131 3074 282 3159 περὶτῆς
301 3074 379 3159 ἐμῆς
398 3077 652 3160 φιλανθρωπίας
670 3073 690 3157 ἢ
709 3072 862 3157 περὶτοῦ
884 3079 969 3138 θεοῦ
987 3082 1043 3156 τῆς
1066 3094 1147 3157 προ-

130 3184 236 3263 νοίας,
259 3190 395 3247 τοιαῦτα
417 3179 572 3265 πράττειν
591 3181 637 3257 είς
659 3178 834 3264 εὐεργέτην
856 3177 911 3244 καί
935 3176 1030 3256 ξένον
1056 3179 1147 3245 έτολ-

131 3285 288 3368 μήσατε;’
329 3286 438 3370 <137>
475 3296 542 3349 τῶν
582 3282 619 3350 δὲ
657 3287 910 3371 παραδιδόντων
943 3285 1064 3362 αὑτοὺς
1100 3287 1148 3362 είς

131 3393 269 3456 κόλασιν
299 3390 353 3457 ἐπὶ
382 3401 426 3479 τῶ
459 3392 622 3470 σώζεσθαι
643 3394 825 3476 Βενιαμίν,
854 3390 909 3456 καί
936 3392 1037 3457 πάλιν
1067 3389 1147 3456 ἀνα-
1160 3406 1187 3447 8⁰

203 3518 218 3578 ἓ
238 3518 288 3567 132
304 3538 337 3559 =
352 3513 419 3568 Gen.
439 3513 524 3567 XLIV
550 3519 590 3567 12.
