2460 3848
115 139 159 204 42
481 140 757 193 ΑΡΧΑΙΟΛΟΓΙΔΣ

116 313 176 369 τοῦ
199 305 313 387 πυρός.
360 303 457 387 Ζοώρ
486 303 533 366 ἔτι
560 298 616 365 καὶ
639 310 703 366 νῦν
731 299 871 383 λέγεται·
900 304 1038 365 καλοῦσι
1070 301 1134 384 γάρ

116 410 222 485 οὑτως
249 406 399 494 Ἑβραῖοι
431 411 468 473 τὸ
502 406 626 490 ὀλίγον.
679 407 826 472 ἐνταῦθα
858 412 974 472 τοίνυν
1005 404 1071 471 ὑπό
1102 403 1130 470 τ’

117 516 308 601 ἀνθρώπων
340 514 475 600 ἐρημίας
506 512 561 580 καὶ
592 522 719 599 τροφῆς
750 513 890 598 ἀπορίας
920 512 1136 596 ταλαιπώρως

80 633 97 684 σ
117 624 240 704 διῆγεν.
279 621 389 703 <205>
413 622 450 685 αί
471 616 508 684 δὲ
531 618 695 705 παρθένοι
718 629 784 685 πᾶν
808 620 994 705 ἠφανίσθαι
1016 620 1053 682 τὸ
1076 616 1136 682 ἀν-

115 727 291 810 θρώπινον
321 724 418 819 γένος
448 726 680 809 ὑπολαβοῦσαι
706 735 751 814 τςῦ
780 723 879 811 πατρὶ
906 725 1162 808 πλησιάζουσι,ῠ

116 834 343 917 προνοήσασαι
372 837 498 896 λαθείν.
546 830 683 897 ἐποίουν
712 826 749 895 δέ
778 840 876 896 τοῦτο
899 827 982 914 ὑπὲρ
1005 837 1066 894 τοῦ
1089 831 1134 913 μῆ

116 940 153 1002 τὸ
181 935 278 1019 γένος
305 936 459 1001 ἐκλιπεῖν.
504 940 656 1019 γίνονται
680 933 717 1001 δέ
739 938 870 1019 παῖδες,
897 937 962 1001 ὑπὸ
994 932 1055 1020 μὲν
1077 944 1136 1017 τῆς

116 1041 339 1129 πρεσβυτέρας
369 1043 518 1126 Μώαβος
550 1039 651 1128 (είποι
680 1039 710 1106 δ’
742 1042 784 1107 ἀν
811 1065 860 1119 τις
888 1041 951 1106 ἀπὸ
979 1039 1133 1126 πατρός)·

110 1147 281 1242 Ἄμμανον
310 1147 339 1213 δ’
372 1148 393 1231 ῆ
416 1147 559 1233 νεωτέρα
587 1160 741 1215 ποιεῖται·
770 1146 889 1230 γένους
911 1149 988 1213 υἱὸν
1011 1146 1135 1230 ἀποση-

116 1261 227 1339 μαίνει
256 1256 412 1339 τούνομα.
457 1256 567 1338 (206)
596 1253 651 1320 καὶ
682 1258 781 1333 κτίζει
819 1252 848 1319 δ’
881 1254 990 1319 αὐτῶν
1022 1251 1041 1317 δ
1073 1247 1135 1336 μὲν
1151 1270 1176 1310 1⁰

116 1365 309 1447 Μωαβίτας,
332 1358 488 1444 μέγιστον
507 1361 606 1438 ὄντας
625 1363 672 1426 ἐτι
691 1358 746 1425 καὶ
764 1369 829 1425 νῦν
848 1363 959 1442 ἔθνος,
979 1356 1135 1442 Ἀμμανί-

116 1491 174 1544 τας
197 1463 227 1531 δ’
254 1467 273 1533 ὑ
297 1465 414 1553 ἕτερος.
452 1469 579 1552 Συρίας
605 1474 663 1549 τῆς
685 1469 810 1549 Κοίλης
837 1462 927 1530 ἐστὶν
956 1464 1134 1550 ἀμφύτερα.

183 1571 238 1638 καὶ
256 1575 362 1662 Λώτφ
385 1569 447 1656 μὲν
469 1575 626 1656 τοιαύτην
650 1571 773 1657 συνέβη
798 1574 859 1654 τῆν
883 1572 919 1637 ἐκ
937 1573 1135 1657 Σοδομιτῶν

65 1678 106 1742 12
117 1679 327 1766 ἀναχώρησιν
355 1678 531 1763 γενέσθαι,
563 1680 673 1763 <207>
688 1677 855 1764 ’Ἅβραμος
885 1674 922 1742 δὲ
945 1675 1135 1765 μετῴκησεν

116 1789 164 1864 είς
187 1785 317 1873 Γέραρα
344 1793 402 1868 τῆς
424 1788 667 1869 Παλαιστίνης,
696 1784 732 1850 ἐν
760 1783 905 1868 ἀδελφῆς
932 1783 1136 1866 ἐπαγόμενος
1149 1801 1175 1842 1⁶

118 1896 258 1978 σχῆματι
284 1893 346 1973 τῆν
369 1890 523 1975 Σάρραν,
551 1890 649 1973 ὅμοια
676 1903 745 1967 τοίς
767 1889 847 1974 πρὶν
870 1889 1135 1975 ὑποκρινάμενος
1158 1897 1166 1900 ”

118 2000 174 2063 διά
200 2001 259 2064 τὸν
286 2000 408 2083 φόβον·
437 1995 557 2061 ἐδεδίει
586 1997 649 2082 γάρ
670 1993 880 2082 Ἀβιμέλεχον
908 1999 967 2062 τὸν
995 1995 1135 2080 βασιλέα

116 2116 183 2170 τῶν
214 2104 418 2190 ἐπιχωρίων,
451 2103 487 2180 ὃς
514 2102 569 2169 καὶ
601 2103 699 2180 αὑτὸς
729 2101 882 2189 ἐρασθεὶς
912 2112 969 2186 τῆς
998 2103 1135 2187 Σάρρας

116 2217 272 2297 φθείρειν
291 2203 362 2289 οἷός
375 2208 406 2276 τ’
429 2207 481 2294 ῆν.
528 2211 637 2294 <208>
652 2217 795 2295 εἴργεται
815 2206 852 2274 δὲ
875 2218 932 2292 τῆς
954 2209 1134 2294 ἐπιθυμίας

116 2317 181 2382 ὑπὸ
204 2322 308 2383 νόσου
331 2322 473 2402 χαλεπῆς
495 2317 583 2404 αὐτῷ
607 2318 858 2402 προσπεσούσης
881 2315 917 2382 ἐκ
939 2322 1032 2381 θεοῦ.
1078 2313 1176 2380 καίεο

20 2426 24 2432 ’
72 2500 73 2503 ¹
117 2434 183 2485 τῶν
208 2425 330 2505 ἰατρῶν
358 2422 460 2486 αὑτὸν
489 2421 746 2504 ἀπεγνωκότων,
775 2420 930 2498 ὑπνώσας
953 2423 1034 2505 ὄναρ
1059 2421 1134 2507 ὁρᾷ,

117 2523 222 2609 μηδὲν
240 2527 387 2609 ὑβρίζειν
406 2528 468 2610 τῆν
485 2535 545 2592 τοῦ
565 2526 662 2604 ξένου
681 2536 831 2608 γυναῖκα.
876 2524 931 2591 καὶ
955 2527 1038 2613 ῥᾷον
1062 2528 1133 2591 δια-

118 2630 226 2709 τεθεὶς
248 2631 364 2716 φράζει
386 2634 469 2715 πρὸς
491 2635 569 2709 τοὺς
591 2635 711 2716 φίλους
733 2632 777 2708 ὡς
800 2633 817 2698 ὁ
840 2635 921 2708 θεὸς
943 2632 1032 2720 αὐτῷ
1056 2635 1134 2698 ταύ-

116 2762 178 2821 την
193 2736 350 2818 ἐπαγάγοι
364 2737 425 2818 τῆν
439 2740 542 2803 νόσον
555 2733 639 2822 ὑπὲρ
654 2736 798 2815 ἐκδικίας
811 2747 871 2804 τοῦ
886 2735 995 2823 ξένου,
1009 2739 1134 2822 φυλάτ-

116 2868 184 2910 των
213 2843 415 2928 ἀνύβριστον
443 2843 531 2929 αὑτῷ
560 2845 621 2927 τῆν
650 2855 803 2926 γυναῖκα·
827 2847 872 2931 μῆ
896 2845 959 2930 γάρ
983 2843 1133 2928 ἀδελφῆν
1147 2862 1174 2904 ει

118 2947 223 3018 οὖσαν
252 2949 449 3031 ἐπάγεσθαι,
477 2951 569 3037 νόμφ
594 2947 624 3013 δ’
652 2950 740 3037 αὐτῷ
769 2961 1004 3018 συνοικοῦσαν·
1034 2949 1133 3032 ἐπαγ-

117 3057 269 3138 γέλλεταί
283 3080 318 3121 τε
336 3053 490 3140 παρέξειν
515 3051 633 3119 ἐαυτὸν
657 3056 776 3140 εὐμενῆ
799 3060 836 3123 τὸ
861 3061 990 3141 λοιπόν,
1013 3057 1133 3134 ἀδεοῦς

119 3161 247 3226 ἐκείνου
266 3160 341 3247 περὶ
360 3164 421 3244 τῆν
439 3171 581 3244 γυναῖκα
603 3160 794 3244 γενομένου.
840 3165 948 3247 <209>
967 3162 1059 3229 ταῦτ’
1087 3165 1132 3228 εί-

115 3269 189 3332 πὼν
207 3264 446 3352 μεταπέμπεται
464 3269 523 3334 τὸν
539 3265 709 3352 ’Ἅβραμον
724 3270 1045 3353 συμβουλευσάντων
1064 3281 1131 3336 τῶν

116 3377 245 3458 φίλων,
277 3370 332 3437 καὶ
364 3368 468 3458 μηδὲν
500 3377 548 3439 ἔτι
579 3371 654 3458 περὶ
683 3381 740 3456 τῆς
769 3378 926 3457 γυναικὸς
955 3377 1058 3442 αὑτὸν
1087 3378 1132 3454 ὡς
1146 3395 1172 3435 ³⁰

189 3500 204 3561 ξ
223 3500 275 3550 205
291 3521 324 3540 =
339 3495 407 3550 Gen.
427 3495 493 3550 XIX
512 3501 554 3550 31.
628 3499 643 3560 ξ
662 3500 713 3549 207
730 3521 764 3540 ιι
778 3494 846 3550 Gen.
866 3495 918 3549 XX
939 3505 960 3551 l.
