2460 3848
110 149 175 214 190
477 153 751 205 ΑΡΧΑΙΟΛΟΓῙΑΣ

108 312 145 378 τὸ
165 312 257 400 ἰερδν
276 311 413 379 εἰσιέναι
432 313 594 378 κεκώλυκε
612 309 667 376 καί
689 319 822 378 θυσιῶν
845 311 1009 377 άπτεσθαι
1033 308 1128 397 μέχρι

108 416 342 509 τετταράκονθ’
368 420 517 506 ῆμερῶν,
543 417 586 484 ἂν
613 419 715 504 άρρεν
742 421 779 484 τὸ
802 413 921 504 τεχθὲν
944 411 981 503 ᾗ·
1010 419 1127 483 διπλα-

108 529 222 603 σιόνας
248 526 311 610 γάρ
340 521 426 590 εἰναι
452 525 510 600 τάς
535 521 659 609 ἡμέρας
688 521 742 589 έπί
763 525 980 608 θηλυτοκίαις
1003 521 1124 608 συμβέ-

107 636 218 716 βηκεν.
258 632 422 696 εἰσιοῦσαι
449 625 561 712 μέντοι
585 631 666 713 μετά
693 631 755 714 τῆν
776 626 1022 714 προειρημένην
1046 650 1124 715 προ-

105 741 250 819 θεσμίαν
281 737 404 811 θυσίας
435 731 661 818 ἐπιτελοῦσιν,
693 733 732 811 δς
763 731 799 798 οί
826 734 924 818 ίερεῖς
953 735 1040 818 πρὸς
1067 737 1147 800 τὸνε

106 844 189 908 θεὸν
212 839 434 925 διανέμονται.

68 973 84 1021 6
173 949 283 1030 <270>
303 946 345 1012 δν
365 943 395 1012 δ’
416 947 588 1032 ὑπονοῆση
612 948 855 1031 μεμοιχεῦσθαί
874 968 923 1022 τις
946 945 1038 1034 αὐτῷ
1062 949 1121 1031 τῆν

105 1065 264 1136 γυναῖκα,
291 1056 415 1136 κομίζει
444 1059 564 1138 κριθῆς
591 1049 814 1136 ἀληλεσμένης
836 1050 1037 1137 ἀσσάρωνα,
1068 1052 1121 1118 καί

105 1161 184 1242 μίαν
203 1158 303 1242 αὐτῆς
322 1159 427 1243 δράκα
446 1157 658 1243 ἐπιβαλόντες
675 1165 721 1245 τῷ
743 1164 827 1245 θεῷ,
849 1159 887 1223 τὸ
910 1160 1031 1224 λοιπὸν
1054 1168 1120 1236 τοῖς

105 1266 229 1350 ίερεῦσι
259 1266 413 1331 διδόασιν
440 1266 487 1340 εἰς
514 1268 655 1350 τροφήν·
693 1263 803 1348 <271>
826 1265 888 1347 τῆν
918 1260 956 1329 δὲ
979 1276 1120 1348 γυναῖκα
1131 1283 1154 1322 1⁰

105 1374 226 1455 στῆσας
247 1394 297 1447 τις
314 1382 381 1436 τῶν
401 1368 516 1455 ἰερέων
539 1372 621 1436 κατδι
643 1371 700 1448 τδις
722 1371 828 1447 πύλας
851 1367 902 1457 (αἳ
923 1366 954 1434 δ’
982 1368 1048 1436 εἰσὶ
1071 1395 1119 1436 τε-

103 1475 285 1563 τραμμέναι
307 1481 390 1563 πρὸς
406 1480 466 1543 τὸν
485 1477 585 1560 νεών)
608 1474 664 1541 καί
685 1485 743 1559 τῆς
760 1481 904 1562 κεφαλῆς
926 1479 964 1542 τὸ
988 1477 1119 1560 ἰμάτιον

103 1582 257 1668 άφελών,
293 1581 467 1668 ἐπιγράφει
499 1579 560 1667 μὲν
591 1592 652 1647 τοῦ
680 1588 766 1648 θεοῦ
797 1584 859 1667 τῆν
889 1587 1118 1669 προσηγορίαν

63 1674 65 1678 ’
103 1686 269 1775 διφθέρᾳ,
300 1688 427 1753 κελεύει
458 1683 495 1752 δὲ
523 1688 661 1772 ὀμνύειν
688 1684 792 1774 μηδὲν
821 1685 1015 1772 ἠδικηκέναι
1041 1687 1118 1775 περὶ

101 1796 161 1861 τὸν
184 1796 302 1880 άνδρα,
324 1798 520 1878 παραβᾶσαν
545 1790 582 1860 δὲ
605 1796 642 1859 τὸ
667 1805 803 1881 σῶφρον
825 1804 886 1860 τοῦ
910 1793 1022 1872 δεξιοῦ
1046 1793 1154 1861 oui-15

102 1906 181 1979 λους
204 1900 370 1986 ἔξαρθρον
393 1898 551 1983 γενέσθαι
578 1898 633 1966 καί
660 1904 721 1985 τῆν
744 1899 886 1986 γαστέρα
907 1908 1119 1987 πρησθεῖσαν

102 2007 206 2084 οὕτως
234 2006 432 2073 ἀποθανεῖν·
460 2006 501 2071 άν
530 2004 560 2071 δ’
587 2007 653 2073 ὑπὸ
681 2011 808 2072 πολλοῦ
834 2017 895 2073 τοῦ
919 2009 1041 2092 ἔρωτος
1062 2007 1119 2074 καί

100 2122 158 2197 τῆς
177 2115 232 2179 διά
250 2124 348 2181 τοῦτο
368 2115 563 2197 ζηλοτυπίας
580 2124 750 2199 προπετῶς
772 2111 856 2199 άνῆρ
876 2114 933 2177 διά
951 2115 1013 2197 τῆν
1036 2113 1118 2180 ὑπό-

100 2244 198 2286 νοιαν
220 2226 270 2304 εἰη
294 2217 524 2303 κεκινημένος,
547 2217 628 2303 μηνὶ
651 2221 776 2308 δεκάτῳ
799 2218 958 2302 γενέσθαι
981 2221 1119 2286 παιδίον

100 2325 202 2412 άρρεν
225 2326 317 2410 αὐτῆ.
363 2325 472 2408 <272>
496 2336 563 2390 τῶν
588 2323 619 2389 δ’
647 2327 756 2411 ὅρκων
779 2323 1038 2410 τελειωθέντων,
1060 2336 1119 2411 τῆς
1132 2345 1157 2384 20

100 2428 263 2517 διφθέρας
286 2430 468 2508 ἀπαλείψας
485 2432 633 2516 τοῦνομα
651 2435 698 2508 εἰς
716 2433 840 2518 φιάλην
864 2430 1012 2515 έκπιέζει,
1035 2454 1118 2518 προ-

98 2542 236 2622 κομίσας
254 2533 283 2601 τ’
302 2535 338 2601 έκ
359 2546 420 2601 τοῦ
441 2537 533 2621 ἰεροῦ
551 2547 611 2622 γῆς
628 2544 663 2603 εἰ
676 2562 708 2602 τι
726 2538 920 2623 προστύχοι,
942 2535 998 2603 καί
1019 2561 1118 2603 κατα-

97 2642 205 2720 πάσας
235 2641 361 2709 έκπιεῖν
394 2642 542 2707 δίδωσιν.
590 2642 700 2725 <273>
728 2642 749 2726 ῆ
777 2639 808 2707 δ’
840 2645 871 2708 εἰ
901 2639 962 2726 μὲν
994 2643 1119 2722 άδίκως

98 2747 281 2834 ένεκληθη,
304 2747 457 2831 ε’γκύμων
480 2771 515 2812 τε
539 2753 665 2832 γίνεται
688 2746 742 2814 καί
765 2754 1011 2834 τελεσφορεῖται
1034 2751 1118 2816 κατὰ

98 2858 159 2941 τῆν
178 2852 330 2940 γαστέρα,
353 2851 544 2937 ψευσαμένη
565 2851 602 2920 δὲ
619 2857 679 2921 τὸν
697 2857 804 2940 άνδρα
827 2853 880 2920 έπί
907 2866 976 2931 τοῖς
999 2856 1118 2940 γάμοις
1132 2871 1157 2912 2⁵

97 2961 233 3029 καὶτὸν
255 2963 339 3026 θεὸν
363 2957 416 3025 έπί
438 2971 507 3035 τοῖς
530 2959 643 3045 ὅρκοις
665 2957 733 3045 μετ’
758 2962 916 3046 αἰσχύνης
939 2961 1116 3048 καταστρέ-

97 3093 155 3153 φει
173 3071 231 3135 τὸν
249 3072 336 3152 βίον,
360 3075 419 3133 τοῦ
438 3089 471 3131 τε
491 3065 628 3144 σκέλους
651 3066 846 3143 ἐκπεσόντος
870 3067 952 3152 αὐτῆ
976 3066 1031 3134 καί
1053 3069 1116 3151 τῆν

96 3179 227 3240 κοιλίαν
249 3171 374 3260 ὑδέρου
397 3176 652 3256 καταλαβόντος.

162 3280 271 3363 <274>
300 3276 356 3346 καί
382 3276 458 3363 περὶ
487 3275 548 3362 μὲν
575 3289 641 3344 τῶν
667 3284 799 3344 θυσιῶν
823 3276 878 3343 καί
903 3287 960 3362 τῆς
982 3277 1116 3363 ἁγνείας

96 3393 154 3470 τῆς
182 3382 231 3452 ἐπ’
258 3384 373 3463 αὐταῖς
398 3395 500 3452 ταῦτα
527 3388 679 3468 Μωυσῆς
705 3395 774 3460 τοῖς
801 3384 985 3469 ὁμοφύλοις
1010 3407 1114 3471 προν-
1129 3402 1157 3442 ³⁰

151 3507 403 3576 §269=Lev1’t.
424 3507 477 3566 XII
498 3515 522 3566 1.
596 3503 939 3574 §270=Num.¹1m.
