2460 3848
125 118 191 183 285
494 118 769 173 mmmm

125 302 239 363 ποντο,
258 283 372 365 βωμὸν
389 277 473 367 ὑπὲρ
491 289 549 364 τῆς
569 282 674 365 ὄχθης
693 279 865 364 ἱδρύονται
883 289 946 345 τοῦ
962 277 1159 369 Ἰορδάνου,

124 398 286 472 μνημεῖον
312 398 382 464 τοῖς
409 390 519 452 ἔπειτα
546 383 781 470 γενησομένοις
807 382 862 450 καὶ
891 387 1079 471 σύμβολον
1102 401 1158 475 τῆς

123 497 205 580 πρὸς
236 496 314 571 τοὺς
345 491 449 578 πέραν
485 490 739 582 κατῳκημένους
769 493 978 576 οἰκειότητος.
1042 496 1157 583 <101>

123 600 324 677 ἀκούσαντες
351 595 382 664 δ’
410 598 445 665 οί
469 597 574 685 πέραν
597 600 712 683 βωμδν
736 598 896 684 ἱδρῦσθαι
917 600 998 676 τοὺς
1023 599 1154 669 άπολυ-

123 705 245 782 θέντας
272 705 314 770 οὐ
341 702 418 788 μεθ’
446 699 484 788 ης
512 704 633 770 ἐκεῖνοι
663 705 796 789 γνώμης
819 703 1005 788 ἀνέστησαν
1032 709 1176 794 αιἐτόν,5

122 808 195 876 ἀλλ’
218 808 272 875 ἐπὶ
289 819 500 898 νεωτερισμῷ
523 809 578 875 καὶ
602 810 741 889 ξενικῶν
764 812 929 896 εἰσαγωγῇ
952 817 1065 898 θεῶν,
1090 816 1152 881 οὐκ

122 920 248 1001 ἤθελον
272 914 438 1001 άπιστεῖν,
461 916 546 982 ἀλλὰ
568 914 644 1002 περὶ
666 918 728 1001 τὴν
750 919 849 982 θείαν
871 921 1066 1002 θρησκείαν
1089 923 1151 1006 τὴν

123 1023 284 1106 διαβολὴν
307 1025 457 1107 πιθανὴν
480 1027 669 1109 νομίζοντες
691 1021 729 1088 ἐν
752 1023 867 1100 ὅπλοις
888 1018 993 1110 ἦσαν,
1021 1025 1071 1103 ὡς
1095 1024 1145 1092 ἐπ’

122 1128 232 1215 ἀμύνῃ
250 1140 317 1194 τῶν
336 1130 394 1194 τὸν
413 1132 528 1214 βωμὸν
548 1126 780 1215 ἱδρυσαμένων
797 1133 1067 1214 περαιωσόμενοι
1088 1135 1148 1199 τὸν

120 1238 270 1320 ποταμὸν
299 1232 354 1300 καλ
381 1235 581 1312 κολάσοντες
608 1236 729 1312 αὐτοὺς
754 1244 812 1319 τῆς
838 1245 1056 1322 παρατροπῆς
1080 1250 1147 1304 τῶν
1161 1256 1184 1295 1⁰

120 1345 268 1428 πατρίων
292 1340 397 1408 ἐθῶν·
440 1343 550 1426 <102>
574 1342 615 1407 οὐ
639 1342 702 1428 γάρ
726 1339 834 1408 έδόκει
857 1343 919 1426 τὴν
942 1340 1147 1426 συγγένειαν

121 1449 243 1525 αὐτοὺς
269 1452 459 1532 λογίζεσθαι
486 1445 541 1514 καὶ
568 1446 713 1531 τάξίωμα
740 1458 807 1513 τῶν
834 1449 896 1532 τὴν
919 1449 1031 1514 αἰτίαν
1056 1453 1147 1535 είλη-

120 1557 249 1639 φότων,
277 1553 361 1620 άλλδι
384 1557 421 1620 τὸ
444 1563 504 1620 τοῦ
531 1561 617 1619 θεοῦ
639 1555 805 1638 βουλητὸν
828 1550 883 1618 καὶ
906 1545 933 1641 95
956 1557 1074 1644 τρόπῳ
1098 1580 1146 1622 τι-

121 1662 272 1745 μώμενος
299 1665 414 1746 χαίρει.
459 1660 568 1744 <103>
596 1657 651 1726 καὶ
679 1663 715 1725 οἳ
738 1656 801 1744 μέν
831 1657 1053 1744 ἐστράτευσαν
1083 1659 1141 1727 ὑπ’

121 1765 232 1850 ὀργῆς,
255 1764 368 1851 ἐπέσχε
389 1763 419 1831 δ’
438 1766 560 1843 αὐτοὺς
580 1763 707 1851 Ἰησοῦς
724 1764 780 1830 καὶ
799 1765 817 1832 ὁ
837 1764 1010 1851 ἀρχιερεὺς
1030 1762 1180 1834 med-1⁵

122 1874 216 1956 ζαρος
238 1869 293 1935 καὶ
315 1871 336 1954 η
360 1875 533 1957 γερουσία,
563 1874 675 1954 λόγοις
698 1872 983 1956 συμβουλεύοντες
1006 1871 1145 1941 ἀπόπει-

120 2001 183 2061 ραν
202 1976 312 2042 αὐτῶν
330 1986 388 2060 τῆς
405 1979 538 2062 γνώμης
556 1980 672 2061 λαβεῖν
689 1989 834 2064 πρῶτον,
857 1974 955 2042 ἔπειτ’
978 1975 1023 2043 δν
1041 2004 1144 2048 κακο-

118 2086 187 2166 ήθη
220 2083 354 2167 μάθωσι
383 2085 445 2168 τὴν
477 2083 631 2148 διάνοιαν
663 2083 793 2166 αὐτῶν,
823 2085 896 2149 τότε
923 2093 992 2159 τοῖς
1024 2084 1144 2165 ὅπλοις

118 2201 240 2275 χωρεῖν
259 2188 308 2255 ἐπ’
332 2189 461 2267 αὐτούς.
508 2189 618 2275 <104>
637 2187 823 2274 πέμπουσιν
848 2183 910 2254 οὖν
932 2194 1144 2274 πρεσβευτὰς

117 2298 201 2380 πρὸς
223 2297 360 2380 αὐτούς,
389 2294 553 2380 Φινεέσην
581 2299 640 2362 τὸν
663 2297 740 2363 υίὸν
760 2293 954 2381 Ἐλεαζάρου
978 2293 1034 2360 καὶ
1059 2297 1142 2364 δέκα
1156 2316 1180 2356 ²⁰

120 2404 183 2466 σὺν
206 2402 294 2490 αὐτῷ
318 2413 386 2467 τῶν
413 2401 450 2466 ἐν
477 2411 554 2486 τιμῇ
576 2403 665 2488 παρὰ
688 2413 757 2489 τοῖς
774 2399 958 2485 Ἑβραίοις,
985 2409 1142 2486 μαθησο-

119 2505 239 2589 μένους
261 2511 297 2571 τί
320 2505 375 2571 καὶ
398 2509 625 2591 φρονήσαντες
651 2510 710 2573 τὸν
738 2508 853 2591 βωμὸν
876 2503 929 2570 ἐπὶ
952 2515 1008 2589 τῆς
1032 2510 1141 2596 όχθης

117 2618 177 2674 τοῦ
195 2620 345 2693 ποταμοῦ
364 2610 538 2694 διαβάντες
556 2614 707 2694 ἔστησαν.
745 2611 855 2695 <105>
876 2612 920 2688 ὡς
938 2608 975 2677 δέ
994 2634 1139 2699 περαιω-

118 2713 271 2799 σαμένων
294 2714 454 2800 καὶπρὸς
477 2715 599 2793 αὐτοὺς
624 2714 835 2802 ἀφικομένων
860 2717 1014 2803 ἐκκλησία
1037 2737 1138 2786 συνε-

118 2821 213 2907 λέγη,
240 2822 319 2899 στὰς
343 2818 504 2904 Φινεέσης
534 2825 631 2905 μείζω
654 2818 716 2906 μέν
739 2823 861 2900 αὐτοὺς
884 2823 1041 2908 ἁμαρτεῖν
1066 2829 1137 2893 ἐλε-
1152 2845 1178 2886 2⁵

118 2954 176 3013 γεν
199 2929 220 3015 ἢ
244 2931 325 2995 ὥστε
349 2930 461 3011 λόγοις
488 2926 741 3014 ἐπιτιμηθέντας
763 2937 1029 3015 νενουθετῆσθαι
1051 2936 1138 3021 πρὸς

117 3038 156 3100 τὰ
184 3035 359 3121 μέλλοντα·
387 3036 475 3119 πλὴν
503 3036 544 3101 οὐ
572 3037 655 3121 πρὸς
683 3037 721 3100 τὸ
745 3033 886 3119 μέγεθος
908 3045 965 3119 τῆς
987 3059 1135 3124 παρανο-

117 3144 193 3225 μίας
223 3141 401 3217 άπιδόντας
432 3141 536 3217 εὐθὺς
569 3138 620 3225 ἐφ’
648 3140 733 3205 ὅπλα
764 3138 818 3204 καὶ
850 3143 913 3225 την
945 3142 980 3207 ἐκ
1011 3157 1135 3230 χειρῶν

116 3249 277 3330 τιμωρίαν
305 3246 461 3332 ὁρμῆσαι,
488 3249 571 3331 πρὸς
600 3242 637 3312 δέ
665 3248 701 3311 τὸ
730 3243 886 3329 συγγενές
912 3246 1027 3314 καὶτὸ
1051 3251 1133 3336 τάχα

116 3348 171 3416 καὶ
194 3355 306 3434 λόγοις
324 3351 366 3418 δν
385 3362 600 3440 σωφρονῆσαι
624 3353 861 3435 σκοπήσαντας,
885 3354 971 3419 οὕτω
993 3358 1133 3439 ποιήσα-
1148 3376 1175 3415 ω

189 3474 551 3538 §101=10s.xx1112.
1199 3446 1213 3468 ”
