2460 3848
125 136 191 202 308
490 139 762 191 ΑΡΧΑΙοΛοΓιΑΣ

126 298 309 385 ραγμένως·
338 297 442 385 ἔφησέ
466 322 500 364 τε
524 299 541 363 ὁ
565 301 645 374 θεὸς
671 300 810 375 τούτους
837 297 1052 381 θιαγόμευον
1083 301 1154 366 ε’πι-

125 418 249 493 χειρεῖν
276 417 345 483 τοῖς
371 402 548 488 πολεμίοις.
580 401 873 493 ,ἐστρατοπέδευον
901 405 942 487 δη
971 403 1064 490 ὑπὲρ
1089 418 1154 473 τοῦ

97 558 99 562 »
122 509 311 599 Ἰορδάνου,
333 509 508 595 μέλλοντες
530 511 577 586 είς
598 511 659 593 την
683 510 842 577 ἐπιοῦσαν
864 518 1106 596 περαιοῦσθαι.

88 638 106 685 4
194 618 302 701 (218)
327 617 496 692 Γεδεῶνος
519 613 550 681 δ’
578 616 615 682 ἐν
637 620 732 703 φόβςο
755 622 962 693 καθεστῶτος
985 614 1062 702 (καὶ
1086 621 1153 706 γάρ

126 726 245 799 νυκτὸς
268 722 444 808 ἐπιχειρεῖν
467 723 556 810 αύτςό
581 724 599 788 ὁ
622 725 702 799 θεὸς
724 722 938 809 προειρήκει),
961 732 1025 788 τοῦ
1051 723 1177 802 δίουςῠ

126 830 228 895 αύτὸν
251 828 433 911 ἀπαγαγεῖν
457 831 661 912 βουλόμενος
677 828 803 893 κελεύει
826 830 1067 915 προσλαβόντα
1090 831 1153 896 ἕνα

126 947 193 1001 τῶν
213 945 421 1019 στρατιωτῶν
438 937 580 1018 πλησίον
598 945 719 1020 χωρεῖν
737 946 807 1011 ταῖς
820 936 1046 999 Μαδιανιτῶν
1072 953 1152 1020 σκη-

127 1052 213 1118 ναῖς·
236 1038 313 1127 παρ’
341 1040 450 1106 αὐτῶν
474 1041 536 1125 γάρ
561 1039 697 1105 ἐκείνων
720 1043 887 1124 λήψεσθαι
908 1043 1072 1126 φρόνημα
1094 1042 1151 1108 καί

127 1147 262 1233 θάρσος.
308 1147 417 1230 (919)
447 1143 596 1222 πεισθεὶς
624 1143 655 1211 δ’
681 1145 754 1232 ᾔει,
787 1147 905 1233 Φαράν
934 1148 994 1212 τὸν
1025 1145 1151 1215 ἑαυτοῦ

126 1253 318 1338 θεράποντα
331 1253 545 1338 παραλαβών,
567 1249 621 1316 καὶ
636 1251 818 1337 πλησιάσας
836 1260 940 1337 σκηνῇ
959 1251 1030 1317 τινὶ
1050 1279 1151 1320 κατα-
1163 1271 1185 1310 1⁰

127 1360 288 1444 λαμβάνει
315 1362 393 1436 τοὺς
422 1357 459 1423 ἐν
488 1358 570 1443 αὐτῇ
599 1357 836 1444 ἐγρηγορότας,
867 1356 1005 1424 καὶτὸν
1032 1359 1149 1447 ἕτερον

128 1469 209 1551 όναρ
234 1467 455 1550 διηγούμενον
482 1473 527 1552 τῷ
557 1475 794 1548 συσκηνοῦντι,
821 1461 896 1529 ὥστ’
924 1464 1067 1531 ἀκούειν
1090 1469 1150 1533 τὸν

129 1573 290 1636 Γεδεῶνα.
336 1573 372 1636 τὸ
396 1567 434 1635 δὲ
455 1579 609 1636 τοιοῦτον
631 1565 687 1654 ἦν·
710 1574 814 1654 μᾶζαν
842 1569 949 1636 ἐδόκει
972 1576 1149 1656 κριθίνην,

128 1674 184 1742 ὑπ’
211 1677 375 1753 εὐτελείας
397 1676 589 1761 ἀνθρώποις
611 1677 780 1762 άβρωτον,
805 1677 860 1741 διά
882 1686 943 1742 τοῦ
966 1678 1150 1762 στρατοπί-

129 1785 191 1848 δου
214 1779 415 1866 κυλιομένην
442 1783 503 1865 την
529 1791 590 1847 τοῦ
612 1780 773 1866 βασιλέως
795 1783 922 1866 ’σκηνὴν
944 1788 1149 1868 καταβαλεῖν
1162 1799 1184 1840 1⁵

128 1885 183 1952 καί
206 1888 263 1962 τάς
285 1899 351 1952 τῶν
370 1898 577 1973 στρατιωτῶν
600 1888 744 1952 πάντων.
790 1888 899 1971 <220>
923 1887 941 1953 δ
965 1884 1003 1952 δὲ
1028 1895 1150 1976 σημαί-

128 2017 202 2058 νειν
231 1995 380 2078 όλεθρον
411 2002 472 2058 τοῦ
499 2003 641 2078 στρατοῦ
673 1994 733 2076 την
766 1995 845 2072 όῦιυ
874 1995 1004 2078 ἔκρινε,
1039 1995 1150 2078 λέγων

129 2100 211 2164 ὅθεν
233 2093 323 2165 τοῦτ’
350 2099 437 2187 αὐτῷ
462 2101 613 2164 συνιδεῖν
637 2098 777 2183 ἐπῆλθε,
804 2109 870 2165 πᾶν
893 2102 930 2165 τὸ
954 2097 1088 2185 σπέρμα
1111 2105 1149 2168 τὸ

128 2206 336 2289 καλούμενον
364 2209 520 2291 κρίθινον
547 2203 778 2270 εὐτελέστατον
806 2205 1045 2289 ὁμολογεῖσθαι
1070 2231 1150 2291 τυγ-

128 2311 263 2395 χάνειν,
287 2311 362 2377 “τοῦ
386 2308 416 2377 δ’
440 2306 595 2377 Ἀσιανοῦ
617 2315 740 2388 παντὸς
761 2313 798 2376 τὸ
818 2308 1031 2396 Ἰσραηλιτῶν
1056 2315 1150 2379 ἔστιν
1163 2333 1187 2372 2⁰

131 2419 216 2483 ἰδεῖν
238 2427 303 2482 νῦν
326 2416 519 2502 άτιμότερον
539 2417 770 2502 γεγενημένον,
793 2417 910 2500 ὅμοιον
933 2411 971 2480 δὲ
993 2424 1040 2501 τῶ
1065 2421 1151 2484 κατά

129 2523 252 2604 κριθὴν
271 2521 372 2604 γένει·
397 2523 506 2605 <221>
524 2521 579 2586 καὶ
598 2525 635 2587 τὸ
653 2524 741 2607 παρά
759 2534 828 2598 τοῖς
846 2518 1065 2607 Ἰσραηλίταις
1082 2535 1150 2590 νῦν

129 2620 212 2708 με’γα
230 2635 393 2710 φρονοῦν,
415 2623 505 2691 τοῦτ’
533 2625 575 2691 άν
599 2633 649 2708 είη
673 2629 805 2692 Γεδεὼν
827 2625 941 2693 καὶτὸ
966 2630 1029 2691 σὺν
1055 2629 1148 2719 αύτῷ

130 2733 372 2815 στρατιωτικόν.
419 2728 488 2796 ἐπεὶ
507 2726 569 2796 οὖν
587 2732 649 2815 την
667 2736 770 2816 μᾶζαν
789 2734 855 2818 φης
878 2735 962 2798 ίδεῖυ
985 2734 1043 2810 τάς
1068 2753 1149 2821 σκη-

128 2838 189 2913 νάς
206 2836 299 2921 ἡμῶν
318 2835 580 2922 ἀνατρέπουσαν,
600 2836 693 2903 δέδια
711 2840 755 2922 μη
775 2839 792 2905 δ
811 2841 891 2915 θεὸς
912 2841 1059 2904 Γεδεῶνι
1085 2843 1149 2925 τὴν
1164 2861 1188 2901 ιτ

128 2939 205 3007 καθ’
232 2943 326 3027 ἡμῶν
348 2946 445 3026 νίκην
469 2941 681 3009 ἐπινίνευκε.’

91 3067 108 3110 ο
197 3049 305 3131 <222>
326 3050 478 3113 Γεδεῶνα
498 3043 528 3113 δ’
550 3049 737 3116 άκούσαντα
754 3054 791 3117 τὸ
811 3052 893 3136 όναρ
917 3049 1008 3127 ἐλπὶς
1030 3050 1148 3140 άγαθη

128 3149 182 3216 καὶ
201 3156 329 3239 θάρσος
347 3156 455 3238 ἔλαβε,
477 3154 532 3219 καί
551 3155 749 3242 προσέταξεν
772 3155 809 3221 ἐν
827 3168 896 3233 τοῖς
919 3157 1033 3245 ὅπλοις
1056 3155 1149 3226 εἶναι

128 3260 206 3334 τοὺς
224 3261 377 3345 οίκείους,
402 3263 643 3348 διηγησάμενος
660 3264 771 3342 αὐτοῖς
794 3262 849 3328 καὶ
870 3264 932 3347 την
954 3274 1021 3328 τῶν
1044 3271 1148 3332 πολε-

127 3366 213 3447 μίων
232 3367 320 3444 όῦιν.
353 3371 388 3433 οἳ
402 3365 434 3433 δ’
453 3368 577 3453 ἕτοιμοι
596 3373 678 3456 πρὸς
695 3371 734 3434 τά
752 3372 1045 3455 παραγγελλόμενα
1059 3394 1148 3457 φρο-
1163 3392 1189 3433 οο

199 3491 214 3552 ς
233 3490 284 3542 218
348 3489 435 3545 ludio.
454 3489 507 3544 Vn
527 3498 550 3547 9.
