2460 3848
123 150 190 215 218
488 151 762 204 ΔΡΧΑῙΟΛΟΓΙΔΣ

123 313 342 397 βασιλεύοντα
364 322 422 396 τῆς
443 313 551 397 χώρας
573 313 693 396 ταύτης
715 309 884 377 ἀπέστειλε
907 313 1074 395 Μωυσῆς,
1097 320 1144 399 τῷ

122 427 250 507 στρατῷ
275 421 393 485 δίοδον
415 421 517 484 αίτών
540 415 591 503 ἐφ’
619 411 672 496 αἷς
693 421 848 502 θελήσειε
869 422 1034 500 πίστεσιν,
1057 419 1145 483 ὥστε

123 521 228 610 μηδὲν
250 524 453 608 ἀδικηθῆναι
485 528 565 609 μήτε
587 527 650 609 τὴν
677 533 742 608 γῆν
764 528 845 609 μύιε
867 527 946 599 τοὺς
968 522 1145 590 ἐνοικούν-

122 653 180 709 τας
202 625 250 696 ών
273 632 388 716 Σιχὼν
411 629 551 717 ἐκράτει,
573 643 642 708 τοῖς
665 653 699 696 τε
721 632 804 696 κατὰ
827 633 888 716 την
911 628 1039 713 ἀγορὰν
1063 639 1146 715 χρῆ-

123 743 204 802 σθαι
231 739 314 823 πρὸς
343 738 381 802 τὸ
404 736 542 804 ἐκείνων
563 737 746 822 λυσιτελές,
773 740 805 802 εί
825 735 881 802 καί
903 737 941 801 τὸ
963 734 1059 820 ὕδωρ
1083 737 1172 801 och-⁵

121 854 191 920 τοῖς
204 842 401 928 πιπράσκειν
416 843 575 911 ἐθέλοιεν.
612 845 727 930 Σιχὼν
741 838 772 909 δ’
789 843 996 930 ἀρνούμενος
1015 843 1144 922 ὁπλίζει

120 951 182 1015 τὸν
213 951 338 1015 οἰκεῖον
369 954 529 1037 στρατόν,
560 948 616 1016 καὶ
644 954 724 1027 τοὺς
745 948 922 1035 Ἑβραίους
952 951 1144 1033 διαβαίνειν

88 1057 181 1122 ῖτδν
201 1053 350 1141 Ἀρνῶνα
372 1058 516 1122 κωλύειν
544 1054 752 1142 ἑτοιμότατος
779 1051 832 1139 ἦν.
877 1056 966 1139 <87>
988 1058 1145 1139 Μωυσῆς

123 1159 154 1227 δ’
180 1163 270 1248 δρῶν
292 1167 457 1246 πολεμίως
479 1162 592 1239 αὐτοῖς
613 1165 672 1228 τὸν
691 1156 891 1248 Ἀμορραῖον
915 1161 1144 1246 διακείμενον,

123 1269 199 1334 οὔτε
222 1270 528 1361 περιφρονούμενος
550 1264 729 1355 ἀνέχεσθαι
752 1270 826 1334 δεῖν
848 1272 952 1352 ἐγνω,
981 1265 1038 1332 καί
1061 1271 1144 1345 τοὺς
1159 1284 1184 1323 1⁰

117 1373 292 1461 Ἑβραίους
322 1385 380 1459 τῆς
410 1374 569 1462 ἀπραξίας
599 1373 655 1440 καὶ
686 1384 743 1458 τῆς
775 1371 818 1439 δι’
851 1374 955 1459 αὐτὴν
987 1371 1143 1459 ἀπορίας,

121 1480 180 1566 ὑφ’
207 1477 246 1566 ἧς
278 1481 451 1548 στασιάσαι
482 1505 517 1546 τε
548 1484 711 1567 πρότερον
744 1481 857 1558 αὐτοῖς
889 1477 1050 1546 συνέπεσε
1084 1479 1143 1545 καί

121 1591 196 1654 τότε
223 1590 394 1665 δυσκόλως
420 1583 531 1673 εἶχον,
558 1587 740 1665 ἀπαλλάξαι
771 1589 929 1670 διαγνούς
957 1588 1057 1671 ἤρετο
1081 1589 1143 1652 τὸν

121 1697 207 1760 θεὸν
237 1696 269 1758 εί
298 1698 455 1777 πολεμεῖν
487 1694 576 1781 αὐτῷ
609 1695 736 1759 δίδωσι.
781 1692 870 1776 <88>
896 1701 957 1758 τοῦ
988 1688 1026 1757 δὲ
1052 1699 1142 1759 θεοῦ

121 1799 177 1864 καὶ
198 1804 297 1882 νίκην
319 1798 608 1882 ἀποσημήναντος,
630 1799 729 1876 αὐτὸς
749 1792 946 1884 θαρραλέως
967 1793 1033 1883 εἶχε
1055 1801 1142 1884 πρὸς
1157 1813 1181 1854 1⁶

121 1907 181 1971 τὸν
204 1902 316 1987 ἀγῶνα
338 1902 393 1969 καὶ
417 1907 494 1981 τοὺς
512 1907 710 1990 στρατιώτας
731 1907 906 1991 παρώρμα,
928 1914 992 1970 νῦν
1016 1904 1141 1982 αὐτοὺς

121 2010 222 2088 ἀξιῶν
248 2019 307 2094 τῆς
334 2021 394 2077 τοῦ
421 2014 577 2096 πολεμεῖν
606 2013 730 2095 ἡδονῆς
751 2011 949 2095 ἀπολαύειν,
978 2008 1025 2076 ὅτ’
1054 2011 1139 2097 αὐτῇ

123 2129 291 2204 συγχωρεῖ
309 2120 498 2204 χρήσασθαι
519 2121 556 2184 τὸ
580 2124 686 2184 θεῖον.
732 2120 767 2184 οἳ
793 2114 823 2183 δ’
850 2110 889 2202 ἧς
913 2118 1064 2184 ἐπόθουν
1089 2117 1140 2195 ἐξ·

122 2229 238 2302 ουσίας
269 2228 469 2310 λαβόμενοι,
505 2222 560 2290 καὶ
596 2227 653 2302 τάς
684 2228 869 2301 πανοπλίας
904 2224 1139 2306 ἀναλαβόντες,

121 2331 249 2409 εὐθέως
278 2330 427 2417 ἐχώρουν
454 2334 501 2409 είς
526 2325 679 2417 τοῦργον.
725 2331 812 2414 <89>
840 2331 857 2396 ὁ
887 2326 918 2394 δ’
941 2328 1139 2415 Ἀμορραῖος
1154 2345 1181 2383 ²⁰

122 2434 229 2502 οὐκέτ’
255 2432 299 2520 ἦν
323 2436 485 2502 ἐπιόντων
509 2438 622 2521 ὅμοιος
644 2437 746 2524 αὑτῷ,
769 2432 841 2500 ἀλλ’
864 2436 964 2512 αὐτός
987 2458 1021 2500 τε
1044 2459 1139 2501 κατε-

121 2544 230 2625 πλάγη
249 2545 327 2617 τοὺς
345 2539 531 2628 Ἑβραίους,
554 2540 608 2606 καὶ
626 2542 646 2626 ἡ
667 2543 808 2625 δύναμις
827 2541 930 2607 αὐτοῦ
947 2538 1138 2627 παρέχουσα

121 2654 246 2712 θᾶττον
274 2645 379 2730 αὐτὴν
406 2648 553 2732 εὔψυχον
582 2640 668 2712 εἶναι
692 2649 822 2730 δοκεῖν,
849 2644 916 2711 τότ’
943 2643 1137 2732 ἀπηλέγχθη

121 2752 344 2840 πεφοβημένη.
389 2755 451 2838 τὴν
478 2754 612 2838 πρώτην
644 2748 706 2819 οὗν
737 2754 883 2819 σύνοδον
911 2752 971 2837 οὐχ
1000 2750 1138 2836 ὑπομεί-

122 2885 239 2938 ναντες
266 2859 458 2945 ἀντιστῆναι
489 2857 544 2924 καὶ
572 2857 731 2938 δέξασθαι
759 2862 837 2936 τοὺς
861 2854 1037 2943 Ἐβραίους
1064 2859 1137 2945 πρέ·
1152 2871 1179 2913 ²⁶

123 2991 252 3054 πονται,
274 2962 365 3034 τοῦτ’
393 2965 505 3043 αὐτοῖς
529 2971 694 3052 σωτηρίαν
716 2965 942 3049 ὑπολαβόντες
965 2970 1093 3049 μᾶλλον
1116 2966 1137 3050 ἢ

122 3078 160 3141 τὸ
183 3077 346 3162 μάχεσθαι
364 3073 525 3160 παρέξειν.
562 3071 650 3157 <90>
669 3072 838 3159 ἐθάρρουν
860 3070 926 3156 γὰρ’
947 3083 1018 3148 ταῖς
1039 3075 1138 3138 πόλε-

124 3197 179 3246 σιν
202 3183 318 3259 οὔσαις
339 3181 492 3267 ὀχυραῖς,
515 3176 592 3267 παρ’
619 3170 666 3246 ών
690 3175 792 3245 οὐδὲν
814 3178 927 3254 αὐτοῖς
950 3181 1070 3263 όφελος
1093 3175 1138 3263 ἧν

121 3289 169 3364 είς
191 3290 311 3365 ταύτας
338 3288 605 3374 συνδιωχθεῖσιν.
646 3284 794 3372 Ἑβραῖοι
822 3286 885 3370 γὰρ
909 3285 954 3361 ώς
976 3284 1138 3364 ἐνδόντας

119 3394 242 3472 αὐτοὺς
266 3391 374 3479 εἶδον,
396 3395 501 3473 εὐθὺς
524 3394 706 3478 ἐνέκειντο,
728 3392 783 3459 καὶ
806 3393 1055 3478 παραλύσαντες
1078 3393 1136 3457 αὐ-
1150 3405 1178 3444 ³0

169 3523 190 3585 β
207 3523 247 3576 86
261 3547 297 3567 --
311 3519 398 3578 Num.
419 3517 488 3578 XXI
507 3525 550 3578 22.
