2460 3848
468 222 470 229 Ι
535 142 701 194 ΔΕΤΤΕΡΑ
1081 140 1123 205 95

109 304 290 388 χαίροντες,
314 302 370 368 ἐπί
389 326 424 368 τε
447 304 553 392 τούτφ
571 301 651 368 κάπὶ
673 311 718 390 τςό
742 305 801 367 τὸν
823 298 984 384 Βενιαμὶν
1008 300 1127 367 ἀποκο-

109 411 214 491 μίζειν
239 418 284 496 τῷ
303 413 415 494 πατρί,
437 409 550 484 καθὼς
572 406 765 493 ὑπέσχοντο.
811 409 1068 493 περιελαύνουσι
1091 405 1121 471 δ’

110 514 233 591 αύτοὺς
261 514 384 598 ἱππεῖς,
412 515 549 597 άγοντες
576 516 635 579 τὸν
665 513 795 598 οἰκέτην
819 513 855 590 δς
878 510 1057 579 ἐναπέθετο
1080 521 1125 601 τῷ

109 628 170 685 τοῦ
192 618 354 705 Βενιαμὶν
381 623 507 710 φορτίφ
535 622 593 686 τὸν
622 621 760 706 σκύφον.
806 621 916 703 <127>
945 616 1126 705 ταραχθέν-

81 750 167 803 5τας
185 722 216 790 δ’
238 727 303 792 ὑπὸ
323 735 379 810 τῆς
397 726 563 811 ἀδοκήτου
586 737 653 792 τῶν
677 725 802 791 ίππέων
826 725 964 812 ἐφόδου,
986 723 1041 790 καὶ
1064 728 1125 809 τήν

109 833 219 897 αἰτίαν
246 830 459 914 πυθομένους
488 828 532 896 δι’
563 831 606 915 ἣν
634 829 683 896 ἐπ’
711 833 835 917 ἀνδρας
864 831 1069 916 ἐληλύθασιν
1093 835 1127 898 οἳ

108 940 228 1023 μικρὸν
248 940 437 1022 ἔμπροσθεν
456 947 551 1021 τιμῆς
569 935 624 1001 καὶ
647 937 755 1016 ξενίας
777 940 991 1024 τετυχήκασιν
1014 938 1125 1003 αὐτῶν

107 1045 196 1129 παρὰ
224 1053 283 1109 τοῦ
315 1045 498 1127 δεσπότου,
525 1047 698 1120 κακίστους
725 1043 932 1128 ἀπεκάλουν,
960 1045 1070 1128 <128>
1093 1048 1128 1111 οἳ

97 1146 185 1234 ,μηδ’
218 1149 299 1216 αὑτὸ
327 1161 424 1217 τοῦτο
431 1200 441 1234 ,
468 1151 529 1234 τήν
557 1148 669 1227 ξενίαν
696 1147 751 1214 καὶ
778 1151 839 1234 τήν
869 1152 1124 1236 φιλοφροσύνην

65 1285 93 1326 10
107 1258 170 1339 τήν
190 1251 367 1341 Ἰωσήπου,
396 1257 451 1321 διά
479 1260 610 1341 μνήμης
637 1259 793 1339 λαβόντες
816 1257 877 1322 οὐκ
901 1258 1054 1343 ὤκνησαν
1076 1257 1124 1333 είς

108 1363 212 1429 αὑτὸν
234 1363 344 1430 άδικοι
367 1360 542 1447 γενέσθαι,
566 1362 696 1447 σκύφον
720 1360 774 1445 δέ,
798 1356 823 1449 ςὺ
848 1366 1042 1447 φιλοτησίας
1064 1362 1122 1426 αύ-

99 1480 176 1545 τοῖς
194 1470 389 1554 προύπινεν,
414 1468 574 1555 ἀράμενοι
592 1464 738 1553 φέροιεν,
761 1465 901 1550 κέρδους
922 1466 1040 1533 ἀδίκου
1062 1472 1124 1551 τήν

107 1599 141 1640 τε
160 1579 242 1662 πρὸς
257 1573 418 1660 Ἰώσηπον
437 1578 552 1658 φιλίαν
571 1575 629 1637 τόν
647 1569 683 1636 θ’
708 1569 845 1654 ἑαυτῶν,
869 1572 900 1634 εί
921 1578 1124 1657 φωραθεῖεν,

106 1683 268 1747 κίνδυνον
288 1681 325 1746 ἐν
345 1677 489 1767 δευτέρῳ
507 1676 655 1762 θέμενοι.
701 1677 810 1759 <129>
831 1680 992 1761 τιμωρίαν
1010 1674 1038 1741 τ’
1061 1673 1124 1744 οὑν

64 1781 92 1854 ιε
107 1787 229 1864 αὐτοὺς
249 1784 384 1871 ὑφέξειν
407 1787 582 1869 ήπείλουν,
606 1783 647 1850 ού
670 1786 836 1859 λαθόντας
857 1784 916 1848 τὸν
939 1785 1023 1849 θεὸν
1046 1782 1119 1850 οὐδ’

107 1893 317 1981 ἀποδράντας
335 1893 415 1976 μετὰ
434 1901 491 1975 της
508 1896 643 1973 κλοπής,
661 1891 693 1954 εί
709 1888 764 1955 καὶ
782 1892 841 1955 τὸν
861 1891 1124 1975 διακονούμενον

107 1997 238 2084 οίκέτην
271 1997 446 2064 διέλαθον·
483 1992 702 2061 πυνθάνεσθέ
739 2018 772 2060 τε
804 2005 869 2061 νῦν
901 2000 936 2061 τί
964 2001 1125 2082 παρόντες

106 2111 236 2190 είημεν,
260 2104 304 2180 ὡς
328 2103 389 2169 ούκ
416 2099 550 2188 είδότεςῗ·
575 2103 746 2184 γνώσεσθε
770 2100 883 2185 μέντοι
906 2107 1120 2188 κολαζόμενοι

106 2211 233 2275 αὐτίκα.
280 2208 334 2272 καὶ
353 2217 455 2272 ταῦτα
473 2204 527 2272 καὶ
545 2203 629 2293 πέρα
652 2208 778 2273 τούτων
802 2210 849 2286 είς
872 2208 992 2287 αὑτοὺς
1015 2209 1122 2293 λέγων

60 2317 125 2384 ιοὸ
157 2313 282 2397 οίκέτης
311 2313 490 2400 ἐνύβριζεν.
541 2313 651 2397 <130>
681 2317 716 2380 οἳ
743 2311 773 2378 δ’
805 2311 860 2380 ὑπ’
893 2315 1028 2399 ἀγνοίας
1056 2327 1122 2381 τῶν

105 2417 181 2504 περὶ
210 2419 329 2497 αύτούς
362 2420 536 2507 ἐχλεύαζον
568 2416 620 2484 ἐπὶ
651 2432 720 2499 τοῖς
747 2418 954 2505 λεγομένοις,
983 2420 1037 2487 καὶ
1066 2431 1123 2506 της

104 2530 328 2612 κουφολογίας
350 2530 409 2594 τὸν
433 2526 563 2611 οίκέτην
587 2526 794 2612 ἐθαύμαζον,
817 2534 988 2612 τολμῶντα
1011 2531 1118 2595 αίτίαν

105 2630 274 2719 ἐπιφέρειν
304 2633 467 2720 ἀνδράσιν
498 2636 533 2700 οδ
557 2630 640 2717 μηδὲ
667 2635 728 2718 τήν
756 2644 815 2700 τοῦ
844 2636 937 2700 σίτου
961 2635 1059 2719 τιμήν
1083 2635 1138 2712 έν,

104 2750 173 2817 τοῖς
192 2742 318 2815 σακίοις
336 2739 446 2804 αὑτῶν
465 2738 663 2824 εὑρεθεῖσαν
681 2737 851 2825 κατέσχον,
869 2737 943 2803 ἀλλ’
962 2738 1119 2824 ἐκόμισαν

62 2868 90 2910 25
104 2847 247 2930 μηδενὸς
278 2847 405 2921 είδότος
437 2847 473 2910 τὸ
505 2842 670 2929 πραχθέν·
703 2855 864 2911 τοσοῦτον
892 2844 1030 2910 ἀποδεῖν
1060 2855 1120 2909 τοῦ

103 2952 219 3037 γνώμη
246 2959 479 3034 κακουργῆσαι.
528 2951 638 3034 <131>
665 2959 721 3032 τής
749 2949 861 3034 μέντοι
889 2947 919 3031 γ’
953 2949 1121 3033 ἀρνήσεως

101 3055 373 3148 ,ἀξιοπιστοτέραν
410 3056 635 3140 ὑπολαβόντες
671 3057 731 3140 τήν
768 3058 928 3138 έρευναν,
965 3053 1124 3123 ἐκέλευον

103 3165 205 3250 ταύτη
228 3170 388 3248 χρῆσθαι,
415 3161 478 3227 κάν
501 3162 624 3248 εὑρεθή
648 3184 696 3236 τις
718 3158 945 3245 ὑφηρημένος,
972 3163 1117 3243 ἅπαντας

103 3269 263 3348 κολάζειν.
310 3265 496 3352 οὐδὲνγὰρ
526 3265 653 3342 ἑαυτοῖς
677 3266 864 3341 συνειδότες
886 3261 970 3351 ήγον
992 3292 1117 3358 παρρη-

61 3395 88 3436 ιο
103 3379 192 3458 σίαν,
215 3376 260 3452 ὡς
283 3374 434 3457 ἐδόκουν,
458 3373 648 3438 ἀκίνδυνον.
695 3373 730 3435 οἳ
751 3367 787 3435 δὲ
811 3373 872 3456 τήν
895 3375 1034 3460 ἔρευναν
1057 3375 1119 3462 μέν

176 3501 191 3562 ξ
213 3501 262 3551 127
279 3523 313 3541 =
328 3495 395 3549 Gen.
414 3493 501 3547 XLIV
520 3499 544 3546 6.
