2460 3848
118 151 184 217 280
483 150 758 205 λεεωοεονιεε

63 330 97 380 19
183 313 271 397 <68>
295 314 367 390 ἔτος
385 308 422 378 δέ
440 309 589 396 πέμπτον
606 313 671 396 ἤδη
694 311 936 398 παρεληλύθει,
960 312 1025 380 καί
1041 319 1147 382 Χανα-

117 423 222 486 ναίων
250 415 358 486 οὐκέτ’
390 415 502 496 οὐδεὶς
529 416 759 502 ὑπελέλειπτο,
789 419 877 501 πλην
915 420 950 484 εί
978 425 1031 506 μή
1065 447 1148 500 τινες

118 527 293 612 ὀχυρότητι
319 537 438 610 τειχῶν
466 522 637 609 διέφυγον.
680 521 808 609 Ἰησοῦς
834 520 865 589 δ’
894 522 934 589 έκ
962 537 1041 592 τῶν
1065 532 1148 594 Γαλ-

119 634 231 717 γάλων
264 631 613 715 ἀναστρατοπεδεύσας
635 633 682 708 είς
712 632 774 714 την
802 630 943 715 ὀρεινὴν
971 633 1055 719 ’ίστη
1090 637 1148 720 την

120 740 212 825 ίεράν
232 739 358 822 σκηνὴν
377 738 458 802 κατὰ
473 741 602 804 Σιλοῦν
623 739 722 803 πόλιν
747 735 954 824 (ἐπιτήδειον
978 741 1050 826 γὰρ
1076 741 1167 808 ἐδόι

118 868 168 910 κει
192 846 229 909 τὸ
253 847 377 929 χωρίον
395 845 451 909 διὰ
469 845 600 930 κάλλος,
623 843 685 922 ἕως
703 844 892 927 οίκοδομεῖν
915 846 1009 911 ναὸν
1034 848 1149 926 αὐτοῖς

117 952 157 1016 τὰ
179 948 353 1034 πράγματα
383 949 580 1038 παράσχοι),
612 951 699 1035 <69>
722 947 778 1015 καί
800 951 955 1035 χωρήσας
981 950 1148 1020 ἐντεῦθεν

119 1053 172 1121 ἐπὶ
199 1058 351 1139 Σικίμων
384 1059 447 1122 σὺν
480 1058 601 1122 ἅπαντι
628 1065 673 1146 τῷ
702 1061 771 1144 λαῷ
799 1058 914 1140 βωμόν
943 1053 983 1120 θ’
1011 1059 1148 1145 ἵστησιν

119 1161 203 1226 ὅπου
233 1170 369 1245 προεῖπε
397 1165 565 1246 Μωυσῆς,
592 1161 647 1228 καὶ
673 1165 788 1247 νείμας
815 1162 877 1245 την
901 1166 1072 1247 στρατιὰν
1098 1165 1150 1232 ἐπὶ

119 1262 179 1351 μέν
202 1275 248 1355 τςό
274 1264 408 1353 Γαριζίν
432 1269 503 1354 ὀρει
525 1270 587 1353 την
609 1269 763 1353 ἡμίσειαν
785 1269 894 1352 ἵστησι
918 1280 1072 1356 μοῖραν,
1097 1271 1149 1339 ἐπὶ
1162 1287 1179 1326 ¹⁰

119 1369 156 1438 δὲ
179 1382 224 1461 τῷ
249 1373 382 1463 Γιβοίλω
405 1376 467 1459 την
490 1373 660 1460 ἡμίσειαν,
690 1373 727 1440 έν
750 1366 777 1462 ᾧ
800 1372 856 1439 καὶ
879 1373 897 1440 ὀ
921 1377 1041 1459 βωμός
1067 1379 1149 1462 ἐστι,

118 1479 174 1545 καὶ
197 1483 233 1546 τὸ
257 1482 434 1546 Λευῖτικόν
457 1479 512 1546 καί
539 1484 617 1558 τοὺς
640 1479 753 1565 ἱερέας.
799 1480 887 1564 <70>
910 1482 1090 1562 θύσαντες
1113 1482 1150 1551 δό

119 1585 174 1653 καί
198 1586 280 1674 ὀρδις
308 1587 549 1671 ποιησάμενοι,
580 1585 635 1652 καὶ
664 1587 785 1663 ταύτας
812 1583 866 1651 έπί
887 1595 933 1673 τῷ
957 1590 1069 1677 βωμῷ
1096 1615 1149 1674 γε-

119 1691 308 1778 γραμμένας
330 1696 579 1777 καταλιπόντες,
602 1694 649 1769 είς
670 1694 732 1777 την
755 1695 883 1756 Σιλοῦν
906 1688 1104 1772 ἀνέζευξαν.

66 1809 101 1858 20
189 1800 274 1883 <71>
295 1796 422 1884 Ἰησοῦς
445 1795 475 1864 δ’
498 1800 562 1883 ἤδη
586 1801 723 1885 γηραιὸς
746 1799 805 1881 ὤν,
827 1795 962 1873 καὶτὰς
985 1811 1060 1865 τῶν
1081 1808 1149 1868 Χα-
1163 1819 1182 1860 ιι

120 1910 268 1971 ναναίων
295 1907 408 1982 πόλεις
435 1905 524 1991 ὁρῶν
551 1904 613 1970 οὐκ
636 1904 822 1981 εὐαλώτους
844 1903 909 1969 ὑπό
932 1926 967 1968 τε
991 1914 1055 1989 τῆς
1078 1921 1149 1975 τῶν

120 2013 252 2096 χωρίων
282 2008 319 2075 έν
352 2002 402 2087 οἷς
431 2005 517 2094 ἦσαν
545 2011 744 2097 ὀχυρότητος
773 2007 828 2075 καί
850 2019 907 2093 τῆς
929 2020 997 2075 τῶν
1023 2028 1149 2100 τειχῶν

121 2116 244 2202 ἰσχύος,
267 2114 288 2180 ἃ
311 2124 350 2200 τῇ
374 2125 498 2201 φυσικῇ
520 2128 588 2181 τῶν
611 2120 741 2183 πόλεων
763 2115 936 2202 πλεονεξίᾳ
957 2135 1149 2209 προσπερι-

120 2224 299 2306 βαλύμενοι
313 2224 529 2305 προσεδόκων
548 2225 626 2300 τοῦς
644 2226 823 2308 πολεμίους
840 2220 1023 2306 ἀφέξεσθαι
1049 2234 1149 2293 πολι-

121 2330 233 2412 ορκίας
260 2323 307 2390 δι’
334 2326 527 2411 ἀπόγνωσιν
554 2339 614 2395 τοῦ
643 2333 757 2414 λαβεῖν
790 2329 877 2412 <72>
905 2325 972 2414 (καί
996 2331 1064 2418 γὰρ
1092 2333 1143 2399 ἐπ’
1162 2352 1185 2391 ²0

121 2429 251 2520 ὀλέθρῳ
264 2442 313 2521 τῷ
329 2431 456 2500 ἑαυτῶν
475 2435 511 2500 οί
526 2439 711 2502 Χαναναῖοι
730 2438 895 2520 μαθόντες
913 2437 991 2510 τοὺς
1011 2433 1148 2525 Ἰσραη-

120 2539 210 2613 λίτας
246 2538 491 2624 ποιησαμένους
527 2541 588 2623 τὴν
624 2539 741 2618 ἔξοδον
772 2543 834 2625 τὴν
866 2536 921 2605 ἀπ’
952 2542 1147 2630 Αἰγύπτου,

118 2643 201 2726 πρὸς
232 2653 277 2730 τῷ
308 2646 366 2722 τὰς
396 2649 510 2721 πόλεις
536 2647 695 2731 καρτερὰς
721 2659 831 2712 ποιεῖν
859 2646 988 2712 ἐκεῖνον
1017 2648 1142 2717 ἅπαντ’

119 2741 204 2832 ἦσαν
225 2751 284 2815 τὸν
302 2750 453 2837 χρόνον),
472 2752 671 2834 συναγαγὼν
689 2754 748 2817 τὸν
768 2755 849 2819 λαὸν
868 2754 916 2830 είς
934 2754 994 2836 τὴν
1009 2758 1147 2824 Σιλοῦν

121 2855 296 2941 ἐκκλησίαν
319 2856 546 2944 παραγγέλλει.
593 2857 680 2943 <73>
697 2856 752 2924 καί
776 2860 904 2944 σπουδῇ
930 2860 1145 2944 συνδραμόν-
1160 2882 1187 2922 25

120 2986 209 3047 των,
244 2964 285 3030 τύ
317 2961 345 3030 τ’
376 2965 440 3049 ἤδη
472 2963 720 3050 κατωρθωμένα
750 2963 804 3031 καὶ
833 2966 891 3041 τὰς
918 2966 1145 3050 γεγενημένας

120 3069 271 3155 προέξεις,
303 3071 348 3148 ὡς
376 3067 462 3135 εἰσίν
492 3070 623 3156 ὀίρισται
653 3070 707 3137 καὶ
737 3082 797 3138 τοῦ
826 3078 911 3137 θεοῦ
943 3081 1003 3137 τοῦ
1034 3093 1144 3158 παρα-

121 3179 260 3259 σχόντος
291 3177 392 3254 αύτὰς
424 3175 511 3255 ὀίξιαι
543 3175 599 3241 καὶ
627 3188 683 3261 τῆς
710 3178 827 3263 ἀρετῆς
853 3190 920 3243 τῶν
946 3181 1061 3261 νόμων
1089 3173 1144 3258 οἷς

121 3286 450 3367 κατακολουθοῦσιν,
482 3284 594 3366 ἔλεγε,
630 3286 777 3367 βασιλεῖς
808 3308 842 3349 τε
874 3284 1050 3368 τριάκοντα
1083 3286 1142 3351 καὶ

193 3421 536 3482 §68=10s.XV1111.
610 3422 948 3486 §69=10s.V11130.
1020 3427 1141 3487 §71=

119 3504 173 3559 τοι.
184 3505 224 3559 x1
235 3512 277 3562 νε.
333 3515 393 3576 ειν
409 3536 442 3557 =
458 3509 621 3566 Ios.XH11.
679 3517 693 3576 ς
714 3516 747 3565 τε
763 3509 863 3563 =10s.
882 3509 972 3565 xxlv
992 3517 1020 3576 1;
1046 3510 1098 3563 ΧΠ
1114 3517 1139 3566 1.

708 3762 813 3792 *ι
