2460 3848
106 149 149 214 82
471 150 745 203 ΔΡΧΑΙΟΔΟΙἾΑΣ

105 309 236 398 μέτριος
255 311 363 379 ἐδόκει
380 315 555 398 πρότερον,
578 311 634 375 διά
657 313 716 376 τὸν
740 311 776 376 ἐκ
794 319 856 376 σοῦ
874 314 983 395 φόβον
1006 309 1122 397 ῆρέμει

104 417 160 485 καὶ
183 416 258 504 ούχὶ
276 419 375 504 φύσει
398 419 538 503 χρηστὸς
555 411 607 499 ῆν.
653 416 741 499 <57>
760 425 913 483 τοιοῦτον
936 414 967 481 δ’
994 417 1060 503 άρα
1083 420 1121 483 τὸ

104 522 181 611 παρ’
204 523 301 602 ἀξίαν
318 522 421 588 αὐτὸν
439 521 494 587 καὶ
509 518 585 608 παρ’
605 520 739 598 ἐλπίδας
757 524 804 598 είς
821 523 920 606 τιμῆν
934 509 1119 608 παρελθεῖν

105 629 270 713 ἐποίησεν,
292 629 337 705 ὡς
360 625 449 711 δέον,
472 622 498 717 ᾧ
522 629 583 711 τῆν
605 636 663 711 τῆς
682 630 825 711 κτήσεως
847 637 904 712 τῆς
927 636 985 711 σῆς
1007 632 1121 694 πίστιν

104 732 159 799 καὶ
181 735 242 818 τῆν
265 736 459 819 οἰκονομίαν
482 738 597 818 λαβεῖν
621 731 785 816 ἐξεγένετο
808 731 953 798 καὶτῶν
975 738 1146 820 πρεσβυ-ε

103 838 209 925 τέρων
224 842 360 907 οἰκετῶν
374 847 632 927 προτιμηθῆναι,
649 840 756 928 τούτῳ
775 837 829 904 καὶ
843 848 900 922 τῆς
919 848 978 922 σῆς
995 841 1120 917 ψαύειν

104 945 281 1029 γυναικός.’
318 947 404 1030 <58>
421 943 613 1030 παυσαμένη
633 941 671 1012 δέ
688 956 756 1010 τῶν
775 947 885 1027 λόγων
908 944 1121 1011 ἐπεδείκνυεν

103 1051 193 1140 αύτῷ
216 1055 253 1118 τὸ
278 1053 425 1136 ίμάτιον,
452 1053 496 1129 ὡς
526 1048 573 1116 ὅτ’
601 1051 758 1137 ἐπεχείρει
781 1052 963 1134 βιάσασθαι
986 1056 1121 1116 καταλι-

103 1161 224 1235 πόντος
241 1158 331 1224 αύτό.
372 1162 545 1243 Πετεφρῆς
564 1153 600 1221 δὲ
619 1160 698 1241 μήτε
718 1159 908 1243 δακρυούσῃ
926 1165 965 1241 τῆ
984 1156 1121 1240 γυναικὶ

103 1263 186 1349 μήθ’
219 1257 269 1341 οἷς
296 1267 386 1347 ἐλεγε
414 1262 469 1329 καὶ
497 1259 587 1328 εἶδεν
610 1262 953 1350 άπιστεῖνέχων,·τῶ
977 1285 1011 1328 τε
1035 1265 1120 1350 πρὸς
1135 1285 1160 1325 ιο

103 1369 208 1454 αύτῆν
232 1373 328 1456 ἔρωτι
350 1368 453 1435 πλέον
480 1365 608 1452 νέμων,
636 1366 689 1433 ἐπὶ
712 1365 773 1452 μέν
795 1370 857 1451 τῆν
879 1376 936 1451 τῆς
958 1366 1121 1452 ἀληθείας

104 1473 249 1554 ἐξέτασιν
282 1476 343 1541 ούκ
371 1474 540 1561 ἐτρέπετο,
573 1474 660 1558 <59>
689 1475 770 1550 δούς
797 1471 834 1538 δέ
862 1486 1051 1559 σωφρονεῖν
1080 1484 1119 1560 τῆ

103 1584 254 1664 γυναικί,
285 1583 434 1667 πονηρὸν
465 1577 495 1646 δ’
522 1576 607 1645 εἶναι
638 1582 835 1666 κατακρίνας
861 1583 919 1645 τὸν
944 1576 1120 1666 Ἰώσηπον,

102 1689 161 1754 τὸν
184 1683 245 1771 μὲν
268 1688 315 1763 είς
333 1688 394 1771 τῆν
412 1698 478 1752 τῶν
496 1687 692 1772 κακούργων
716 1686 847 1771 είρκτῆν
871 1682 1039 1769 ἐνέβαλεν,
1065 1685 1120 1752 ἐπὶ

103 1788 141 1857 δέ
171 1801 210 1877 τῆ
242 1791 376 1876 γυναικὶ
408 1791 462 1858 καὶ
495 1798 621 1877 μᾶλλον
649 1791 804 1878 ἐφρόνει,
835 1794 1035 1875 κοσμιότητα
1063 1790 1120 1858 καὶ
1135 1814 1161 1854 15

103 1899 328 1984 σωφροσύνην
354 1897 435 1982 αὐτῆ
459 1908 645 1984 μαρτυρῶν.

66 2003 89 2067 ὅ
168 2003 255 2088 <6Ο>
275 2002 431 2088 Ἰώσηπος
454 2001 515 2087 μὲν
539 1999 601 2068 οὖν
618 2001 715 2068 πάντ’
742 2001 794 2068 ἐπὶ
817 2012 863 2091 τῶ
886 2010 957 2092 θεῷ
980 2006 1120 2088 ποιησά-

102 2132 202 2192 μενος
232 2109 272 2174 τδι
303 2108 378 2195 περὶ
410 2109 533 2193 αὑτόν,
570 2106 639 2175 οὔτ’
671 2110 717 2185 είς
749 2107 932 2190 ἀπολογίαν
960 2107 1030 2175 οὔτ’
1064 2107 1116 2175 ἐπ’

101 2214 220 2305 ἀκριβῆ
243 2226 309 2280 τῶν
337 2219 523 2299 γεγονότων
552 2217 698 2299 δήλωσιν
723 2212 860 2300 ἐτράπη,
888 2216 927 2280 τά
952 2217 1056 2300 δεσμά
1082 2213 1119 2283 δὲ

101 2319 156 2387 καὶ
173 2323 234 2406 τῆν
253 2321 400 2406 άνάγκην
420 2333 523 2405 σιγῶν
540 2321 704 2406 ὑπῆλθεν,
723 2317 870 2405 ἀμείνον’
894 2323 1030 2386 ἐσεσθαι
1049 2334 1117 2388 τῶν
1132 2343 1158 2383 κο

101 2429 286 2494 δεδεκότων
312 2434 451 2513 θαρρῶν
478 2430 537 2493 τὸν
564 2429 625 2510 τῆν
654 2428 763 2491 αἰτίαν
785 2435 843 2510 τῆς
865 2437 1039 2514 συμφορᾶς
1060 2427 1117 2494 καὶ

100 2534 162 2617 τῆν
191 2533 353 2618 ἀληθειαν
385 2536 496 2599 είδότα
527 2535 625 2599 θεόν·
659 2527 699 2598 οὗ
727 2543 844 2618 πεῖραν
872 2541 928 2617 τῆς
956 2536 1118 2620 προνοίας

100 2638 205 2715 εὐθύς
234 2638 428 2723 ἐλάμβανεν.
481 2639 569 2723 <61>
602 2639 620 2704 δ
652 2639 715 2724 γάρ
749 2640 959 2724 δεσμοφύλαξ
989 2642 1050 2723 τῆν
1083 2637 1112 2705 τ’

101 2741 288 2827 ἐπιμέλειαν
317 2743 373 2809 καὶ
401 2747 462 2829 τῆν
493 2749 605 2810 πίστιν
633 2745 737 2811 αύτού
764 2749 969 2830 κατανοήσας
998 2743 1035 2810 ἐν
1065 2737 1117 2822 οἷς

99 2848 226 2928 τάξειεν
258 2850 360 2916 αὐτὸν
392 2849 446 2916 καὶ
477 2850 622 2935 τάξίωμα
651 2861 708 2936 τῆς
739 2861 886 2937 μορφῆς,
917 2852 1051 2917 ὑπανίει
1080 2876 1116 2918 τε
1131 2871 1157 2911 εε

100 2967 167 3022 τῶν
187 2958 329 3040 δεσμῶν,
351 2956 407 3022 καὶ
424 2961 462 3024 τὸ
481 2960 594 3024 δεινὸν
613 2957 835 3043 ἐλαφρότερον
854 2957 944 3045 αὐτῷ
964 2956 1019 3022 καὶ
1037 2968 1116 3024 κοῦ-

100 3086 167 3146 φον
186 3060 300 3146 ἐποίει,
324 3064 432 3149 διαίτη
455 3059 491 3128 δὲ
517 3070 660 3150 χρῆσθαι
679 3067 841 3149 κρείττονι
861 3064 1038 3146 δεσμωτῶν
1059 3063 1116 3129 ἐπ-

64 3234 74 3247 ,
99 3164 221 3253 έτρεπε.
267 3168 354 3251 <62>
367 3180 434 3234 τῶν
454 3166 486 3233 δ’
511 3167 548 3234 ἐν
566 3180 635 3246 τοῖς
653 3169 765 3245 αὐτοῖς
783 3170 901 3252 όντων,
916 3169 1012 3234 ὁπότε
1031 3172 1116 3234 παύ-

100 3288 213 3338 σαιντο
241 3282 298 3357 τῆς
325 3272 400 3359 περὶ
427 3268 530 3359 τᾶργα
557 3278 795 3359 ταλαιπωρίας,
817 3276 864 3350 είς
888 3274 1035 3358 ὁμιλίαν,
1060 3267 1116 3341 οἷα

99 3383 192 3464 φιλεῖ
220 3379 302 3444 κατδι
333 3383 513 3446 κοινωνίαν
544 3392 601 3465 τῆς
628 3382 743 3464 ὁμοίας
773 3389 964 3465 συμφορᾶς,
997 3403 1115 3466 τρεπο-
1130 3403 1157 3442 ω

171 3505 186 3566 ς
205 3504 239 3554 ει
255 3526 289 3546 =
304 3499 372 3555 Gen.
390 3501 506 3554 xxm
526 3508 568 3556 18.
