2460 3848
101 109 168 176 304
469 108 743 162 ffmvomn

101 295 159 355 της
177 269 329 355 τιμηθεὶς
346 277 385 354 τῇ
404 279 463 335 τοῦ
482 271 634 352 πλήθους
651 268 774 344 παντὸς
790 265 973 353 ἡγεμονίᾳ,
992 272 1133 354 τελευτᾷ

101 379 163 461 την
196 375 301 463 ἀρχὴν
334 378 441 440 ἔτεσιν
477 375 683 458 ὀγδοήκοντα
714 372 910 456 κατασχών,
952 371 1047 456 ἀνὴρ
1080 371 1133 438 καὶ

102 485 178 569 δίχα
202 493 260 566 της
286 477 525 567 προειρημένης
551 477 699 564 πράξεως
729 476 868 542 ἐπαίνου
891 476 1032 554 δίκαιος
1057 500 1133 560 τυχ-

101 590 225 675 χάνειν.
270 585 326 652 καὶ
353 587 433 670 μετὰ
461 595 581 650 τοῦτον
610 584 807 669 Σανάγαρος
834 579 1033 648 δἈνάθου
1057 595 1133 660 παῖς

103 692 249 778 αίρεθεὶς
262 693 377 777 άρχειυ
391 691 429 756 ἐν
443 700 488 779 τςό
502 691 622 780 πρώτφ
641 699 699 774 τῆς
716 688 818 774 ἀρχῆς
836 689 903 752 ἔτει
923 687 1152 775 κατέστρεύει

102 802 161 864 τὸν
184 801 269 882 βίον.

67 904 88 968 5
169 902 279 986 <198>
300 899 497 989 Ἰσραηλῖται
516 898 553 967 δέ
571 901 672 966 πάλιν
695 896 898 987 (οὐδὲνγὰρ
923 897 982 964 έπί
1007 902 1128 986 διδαχῇ

102 1018 162 1073 τοῦ
189 1013 376 1093 κρείττονος
402 1008 590 1093 ἐλάμβανον
617 1017 684 1072 τῶν
710 1008 873 1092 πρότερον
903 1005 1128 1090 ἠτυχημένων

102 1113 167 1179 ὑπό
199 1116 260 1195 [τε]
291 1124 352 1180 τοῦ
383 1116 463 1197 μήτε
495 1111 605 1196 σέβειν
632 1113 691 1178 τὸν
717 1114 802 1176 θεὸν
825 1105 907 1194 μηθ’
935 1110 1127 1178 ὑπακούειν

102 1229 171 1296 τοῖς
189 1217 332 1306 νόμοις),
354 1216 433 1305 πρὶν
455 1218 476 1302 ἢ
499 1216 554 1282 καὶ
576 1227 633 1302 τῆς
650 1217 715 1282 ὑπὸ
734 1218 931 1300 Μωαβίταις
956 1215 1157 1284 άναπυεῦ-ιι

103 1342 158 1390 σαι
183 1326 335 1401 δουλείας
360 1327 443 1408 πρὸς
465 1324 596 1407 ὀλίγον,
623 1322 689 1402 ὑπὸ
715 1325 855 1407 Ιαβίνου
877 1330 939 1387 τοῦ
964 1333 1036 1388 τῶν
1061 1329 1125 1388 Χα-

102 1433 250 1495 ναναίων
273 1427 432 1514 βασιλέως
461 1430 753 1494 καταδουλοῦνται.
800 1426 910 1510 (199)
935 1422 1039 1505 οὗτος
1062 1431 1124 1514 γὰρ

103 1534 136 1613 ἐξ
157 1531 304 1621 Ἀσώρου
327 1539 453 1612 πόλεως
475 1534 666 1620 ὁρμώμενος
689 1531 785 1620 (αὕτη
805 1528 836 1597 δ’
854 1529 1051 1617 ὑπέρκειται
1069 1544 1123 1617 τῆς

103 1642 366 1725 Σεμεχωνίτιδος
384 1637 515 1726 λίμνης)
534 1648 675 1726 στρατοῦ
694 1635 755 1723 μὲν
774 1639 918 1705 ὁπλιτῶν
941 1640 1122 1722 τριάκοντα

103 1749 218 1831 ἔτρεφε
236 1746 409 1830 μυριάδας,
433 1749 573 1831 μυρίους
591 1742 622 1811 δ’
646 1741 772 1827 ἱππέας,
794 1746 989 1828 τρισχιλίων
1010 1743 1041 1810 δ’
1066 1745 1121 1831 ἁρ-
1134 1764 1154 1804 ιι

102 1852 215 1935 μάτων
238 1851 386 1935 ηὐπόρει.
432 1852 551 1935 ταύτης
574 1845 636 1916 οὖν
660 1852 840 1935 στρατηγὸς
862 1857 918 1932 της
945 1849 1122 1936 δυνάμεως

103 1958 121 2024 ὁ
145 1957 304 2040 Σισάρης,
325 1965 420 2041 τιμῆς
441 1965 498 2040 τῆς
515 1958 645 2042 πρώτης
666 1957 755 2040 παρὰ
777 1965 822 2044 τῷ
846 1958 979 2040 βασιλεῖ
1001 1958 1121 2043 τυγχά-

103 2087 185 2147 νων,
203 2067 429 2140 συνελθόντας
442 2065 524 2148 πρὸς
538 2049 640 2128 αύτὸν
658 2065 736 2140 τοὺς
751 2059 954 2147 Ἰσραηλίτας
973 2059 1120 2128 ἐκάκωσε

104 2170 236 2253 δειυώς,
260 2168 336 2235 ὥστ’
364 2169 476 2246 αὐτοῖς
500 2167 645 2247 ἐπιτάξαι
668 2174 775 2234 τελεῖν
798 2171 932 2253 φόρους.

68 2291 85 2338 2
172 2276 280 2358 <200>
299 2281 403 2340 είκοσι
421 2270 482 2359 μὲν
502 2269 564 2339 οὖν
583 2277 638 2358 ἔτη
658 2285 758 2340 ταῦτα
778 2273 959 2359 πάσχοντες
976 2273 1121 2358 ἤνυσαν,
1134 2293 1156 2333 ιο

103 2377 176 2463 μήτ’
205 2378 298 2446 αὐτοὶ
325 2390 465 2466 φρονεῖν
491 2378 557 2445 ὑπὸ
586 2387 644 2463 της
667 2382 843 2465 δυστυχίας
867 2381 959 2453 ὄντες
982 2377 1121 2463 ἀγαθοί,

102 2482 158 2548 καὶ
180 2494 240 2550 τοῦ
263 2491 347 2549 θεοῦ
369 2489 498 2549 πλείονι
521 2487 630 2572 χρόνῳ
655 2485 799 2568 δαμάσαι
821 2481 982 2560 θέλοντος
1005 2485 1121 2551 αὐτῶν

102 2590 164 2670 την
182 2588 282 2671 ύβριν
300 2588 357 2651 διδι
375 2591 436 2671 την
454 2587 530 2672 περὶ
549 2589 650 2654 αὐτὸν
669 2589 923 2672 ἀγνωμοσύνην,
946 2589 1002 2655 ἵνα
1021 2613 1120 2672 μετα-

102 2689 241 2775 θέμενοι
263 2701 323 2756 τοῦ
346 2698 464 2758 λοιποῦ
483 2704 692 2779 σωφρονῶσι,
716 2692 931 2778 διδαχθέντες
952 2696 1010 2772 τὰς
1035 2713 1120 2782 συμ-

103 2798 209 2885 φορὰς
232 2797 343 2874 αὐτοῖς
361 2797 397 2863 ἐκ
415 2807 472 2882 της
494 2801 763 2883 περιφρονήσεως
785 2810 852 2864 τῶν
874 2804 989 2883 νόμων
1011 2801 1119 2889 ὑπάρ-
1132 2821 1157 2863 τε

104 2903 165 2982 ξαι.
213 2904 375 2989 Δεβώραν
399 2901 439 2968 δέ
459 2927 533 2969 τινα
555 2913 720 2991 προφῆτιν
749 2906 858 2989 (201)
884 2903 1051 2990 (μέλιτταν
1082 2905 1119 2973 δὲ

105 3014 258 3095 σημαίνει
271 3011 417 3094 τούνομα
431 3011 512 3075 κατὰ
528 3011 590 3095 την
604 3008 767 3097 Ἑβραίων
785 3009 948 3098 γλῶτταν)
969 3011 1118 3080 ἱκέτευον

104 3116 267 3198 δεηθῆναι
289 3125 349 3181 τοῦ
371 3122 456 3181 θεοῦ
474 3118 589 3200 λαβεῖν
613 3111 724 3182 οἶκτον
747 3116 856 3182 αὐτῶν
879 3116 933 3182 καὶ
957 3119 1000 3202 μη
1024 3140 1118 3204 περι-

104 3223 190 3286 ιδεῖν
204 3219 451 3304 ἀπολλυμένους
470 3222 590 3298 αὐτούς
607 3223 672 3288 ὑπὸ
688 3225 896 3287 Χαναναίων.
942 3223 960 3287 ὁ
980 3219 1017 3287 δὲ
1036 3228 1118 3302 θεὸς

103 3324 256 3392 ἐπένευσε
273 3331 438 3412 σωτηρίαν
452 3328 576 3411 αὐτοῖς,
588 3328 644 3394 καὶ
658 3329 840 3413 στρατηγὸν
854 3329 992 3409 αίρείται
1006 3330 1117 3413 Βάρα-
1131 3350 1158 3389 ιο

175 3451 189 3512 ς
210 3447 409 3502 197=1udic.
429 3449 468 3501 111
487 3455 528 3504 εο.
