<?xml version="1.0" encoding="UTF-8"?>
<!DOCTYPE html PUBLIC "-//W3C//DTD XHTML 1.0 Transitional//EN"
    "http://www.w3.org/TR/xhtml1/DTD/xhtml1-transitional.dtd">
<html xmlns="http://www.w3.org/1999/xhtml" xml:lang="en" lang="en">
 <head>
  <title>
</title>
<meta http-equiv="Content-Type" content="text/html;charset=utf-8" />
  <meta name='ocr-system' content='tesseract 3.04.00' />
  <meta name='ocr-capabilities' content='ocr_page ocr_carea ocr_par ocr_line ocrx_word'/>
</head>
<body>
  <div class='ocr_page' id='page_1' title='image "./operaomniaposti01nabegoog_0077.png"; bbox 0 0 2460 3848; ppageno 0'>
   <div class='ocr_carea' id='block_1_1' title="bbox 98 152 737 217">
    <p class='ocr_par' dir='ltr' id='par_1_1' title="bbox 98 152 737 217">
     <span class='ocr_line' id='line_1_1' title="bbox 98 152 737 217; baseline -0.005 -10"><span class='ocrx_word' id='word_1_1' title='bbox 98 152 143 217; x_wconf 86' lang='grc'><strong><em>40</em></strong></span> <span class='ocrx_word' id='word_1_2' title='bbox 463 152 737 205; x_wconf 72' lang='grc' dir='ltr'>ΑΡΧΔΙΟΛΟΓΙΑΣ</span> 
     </span>
    </p>
   </div>
   <div class='ocr_carea' id='block_1_2' title="bbox 67 310 1170 3579">
    <p class='ocr_par' dir='ltr' id='par_1_2' title="bbox 99 310 1145 823">
     <span class='ocr_line' id='line_1_2' title="bbox 99 310 1118 399; baseline -0.005 -18"><span class='ocrx_word' id='word_1_3' title='bbox 99 321 210 399; x_wconf 88' lang='grc' dir='ltr'><strong><em>λειῶν,</em></strong></span> <span class='ocrx_word' id='word_1_4' title='bbox 232 310 322 381; x_wconf 81' lang='grc' dir='ltr'><strong><em>εἷναί</em></strong></span> <span class='ocrx_word' id='word_1_5' title='bbox 337 339 371 380; x_wconf 90' lang='grc' dir='ltr'><strong><em>τε</em></strong></span> <span class='ocrx_word' id='word_1_6' title='bbox 390 313 570 398; x_wconf 80' lang='grc' dir='ltr'><em>μισόξενοι,</em></span> <span class='ocrx_word' id='word_1_7' title='bbox 592 312 647 378; x_wconf 83' lang='grc' dir='ltr'><strong><em>καὶ</em></strong></span> <span class='ocrx_word' id='word_1_8' title='bbox 665 313 723 389; x_wconf 88' lang='grc' dir='ltr'><strong><em>τάς</em></strong></span> <span class='ocrx_word' id='word_1_9' title='bbox 740 314 823 397; x_wconf 89' lang='grc' dir='ltr'><strong><em>πρὸς</em></strong></span> <span class='ocrx_word' id='word_1_10' title='bbox 840 312 962 388; x_wconf 83' lang='grc' dir='ltr'><strong><em>άλλους</em></strong></span> <span class='ocrx_word' id='word_1_11' title='bbox 985 312 1118 395; x_wconf 80' lang='grc' dir='ltr'><strong><em>ὁμιλίας</em></strong></span> 
     </span>
     <span class='ocr_line' id='line_1_3' title="bbox 100 413 1117 509; baseline -0.004 -21"><span class='ocrx_word' id='word_1_12' title='bbox 100 421 324 509; x_wconf 76' lang='grc' dir='ltr'><strong><em>ἐκτρέπεσθαι.</em></strong></span> <span class='ocrx_word' id='word_1_13' title='bbox 362 420 472 504; x_wconf 84' lang='grc'>&lt;195&gt;</span> <span class='ocrx_word' id='word_1_14' title='bbox 485 423 670 504; x_wconf 78' lang='grc' dir='ltr'><strong><em>χαλεπήνας</em></strong></span> <span class='ocrx_word' id='word_1_15' title='bbox 689 413 751 485; x_wconf 84' lang='grc' dir='ltr'><strong><em>οὖν</em></strong></span> <span class='ocrx_word' id='word_1_16' title='bbox 770 416 824 484; x_wconf 81' lang='grc' dir='ltr'><strong><em>ἐπὶ</em></strong></span> <span class='ocrx_word' id='word_1_17' title='bbox 841 420 971 494; x_wconf 81' lang='grc' dir='ltr'><strong><em>τούτοις</em></strong></span> <span class='ocrx_word' id='word_1_18' title='bbox 993 418 1012 484; x_wconf 88' lang='grc' dir='ltr'><strong><em>δ</em></strong></span> <span class='ocrx_word' id='word_1_19' title='bbox 1035 421 1117 495; x_wconf 90' lang='grc' dir='ltr'><strong><em>θεὸς</em></strong></span> 
     </span>
     <span class='ocr_line' id='line_1_4' title="bbox 100 523 1117 626; baseline -0.003 -34"><span class='ocrx_word' id='word_1_20' title='bbox 100 531 186 612; x_wconf 82' lang='grc' dir='ltr'><strong><em>ἐχνω</em></strong></span> <span class='ocrx_word' id='word_1_21' title='bbox 209 529 460 626; x_wconf 80' lang='grc' dir='ltr'><strong><em>τιμωρήσασθηιι</em></strong></span> <span class='ocrx_word' id='word_1_22' title='bbox 486 534 544 609; x_wconf 85' lang='grc' dir='ltr'><strong><em>τής</em></strong></span> <span class='ocrx_word' id='word_1_23' title='bbox 565 525 793 611; x_wconf 79' lang='grc' dir='ltr'><strong><em>ὑπερηφανίας</em></strong></span> <span class='ocrx_word' id='word_1_24' title='bbox 816 525 950 608; x_wconf 85' lang='grc' dir='ltr'><strong><em>αὐτούς,</em></strong></span> <span class='ocrx_word' id='word_1_25' title='bbox 977 523 1032 589; x_wconf 85' lang='grc' dir='ltr'><strong><em>καὶ</em></strong></span> <span class='ocrx_word' id='word_1_26' title='bbox 1055 528 1117 609; x_wconf 92' lang='grc' dir='ltr'><strong><em>τήν</em></strong></span> 
     </span>
     <span class='ocr_line' id='line_1_5' title="bbox 100 629 1117 716; baseline -0.002 -18"><span class='ocrx_word' id='word_1_27' title='bbox 100 657 135 698; x_wconf 92' lang='grc' dir='ltr'><strong><em>τε</em></strong></span> <span class='ocrx_word' id='word_1_28' title='bbox 153 636 252 698; x_wconf 91' lang='grc' dir='ltr'><strong><em>πόλιν</em></strong></span> <span class='ocrx_word' id='word_1_29' title='bbox 270 632 381 697; x_wconf 82' lang='grc' dir='ltr'><strong><em>αὐτῶν</em></strong></span> <span class='ocrx_word' id='word_1_30' title='bbox 398 629 699 716; x_wconf 74' lang='grc' dir='ltr'><strong><em>καταστρέψασθαι,</em></strong></span> <span class='ocrx_word' id='word_1_31' title='bbox 722 631 777 697; x_wconf 83' lang='grc' dir='ltr'><strong><em>καὶ</em></strong></span> <span class='ocrx_word' id='word_1_32' title='bbox 795 634 856 716; x_wconf 86' lang='grc' dir='ltr'><strong><em>τήν</em></strong></span> <span class='ocrx_word' id='word_1_33' title='bbox 876 633 988 716; x_wconf 84' lang='grc' dir='ltr'><strong><em>χώραν</em></strong></span> <span class='ocrx_word' id='word_1_34' title='bbox 1011 631 1117 708; x_wconf 87' lang='grc' dir='ltr'><strong><em>ούτως</em></strong></span> 
     </span>
     <span class='ocr_line' id='line_1_6' title="bbox 101 736 1145 823; baseline 0 -21"><span class='ocrx_word' id='word_1_35' title='bbox 101 738 260 823; x_wconf 77' lang='grc' dir='ltr'><strong><em>ἀφανίσαι</em></strong></span> <span class='ocrx_word' id='word_1_36' title='bbox 289 738 333 814; x_wconf 84' lang='grc' dir='ltr'><strong><em>ὡς</em></strong></span> <span class='ocrx_word' id='word_1_37' title='bbox 359 740 438 823; x_wconf 90' lang='grc' dir='ltr'><strong><em>μήτε</em></strong></span> <span class='ocrx_word' id='word_1_38' title='bbox 465 740 573 823; x_wconf 84' lang='grc' dir='ltr'><strong><em>φυτὸν</em></strong></span> <span class='ocrx_word' id='word_1_39' title='bbox 601 740 649 803; x_wconf 89' lang='grc' dir='ltr'><strong><em>ἐτι</em></strong></span> <span class='ocrx_word' id='word_1_40' title='bbox 676 741 757 822; x_wconf 89' lang='grc' dir='ltr'><strong><em>μήτε</em></strong></span> <span class='ocrx_word' id='word_1_41' title='bbox 784 740 912 820; x_wconf 89' lang='grc' dir='ltr'><strong><em>καρπὸν</em></strong></span> <span class='ocrx_word' id='word_1_42' title='bbox 940 736 1054 822; x_wconf 78' lang='grc' dir='ltr'><strong><em>ἕτερον</em></strong></span> <span class='ocrx_word' id='word_1_43' title='bbox 1083 737 1145 815; x_wconf 71' lang='grc' dir='ltr'><strong><em>ἐξῡ</em></strong></span> 
     </span>
    </p>

    <p class='ocr_par' dir='ltr' id='par_1_3' title="bbox 67 843 1166 2841">
     <span class='ocr_line' id='line_1_7' title="bbox 67 843 1118 929; baseline -0.001 -20"><span class='ocrx_word' id='word_1_44' title='bbox 67 844 202 927; x_wconf 75' lang='grc' dir='ltr'><strong><em>ναύτής</em></strong></span> <span class='ocrx_word' id='word_1_45' title='bbox 225 843 443 927; x_wconf 81' lang='grc' dir='ltr'><strong><em>ἀναδοθῆναι.</em></strong></span> <span class='ocrx_word' id='word_1_46' title='bbox 490 844 599 927; x_wconf 76' lang='grc'>(196)</span> <span class='ocrx_word' id='word_1_47' title='bbox 623 853 726 910; x_wconf 82' lang='grc' dir='ltr'><strong><em>ταῦτα</em></strong></span> <span class='ocrx_word' id='word_1_48' title='bbox 752 852 813 910; x_wconf 83' lang='grc' dir='ltr'><strong><em>τοῦ</em></strong></span> <span class='ocrx_word' id='word_1_49' title='bbox 834 850 920 910; x_wconf 86' lang='grc' dir='ltr'><strong><em>θεοῦ</em></strong></span> <span class='ocrx_word' id='word_1_50' title='bbox 943 847 1118 929; x_wconf 87' lang='grc' dir='ltr'><strong><em>κρίναντος</em></strong></span> 
     </span>
     <span class='ocr_line' id='line_1_8' title="bbox 101 948 1118 1036; baseline -0.001 -22"><span class='ocrx_word' id='word_1_51' title='bbox 101 948 176 1035; x_wconf 83' lang='grc' dir='ltr'><strong><em>περὶ</em></strong></span> <span class='ocrx_word' id='word_1_52' title='bbox 203 961 270 1016; x_wconf 87' lang='grc' dir='ltr'><strong><em>τῶν</em></strong></span> <span class='ocrx_word' id='word_1_53' title='bbox 293 952 506 1034; x_wconf 76' lang='grc' dir='ltr'><strong><em>Σοδομιτῶν,</em></strong></span> <span class='ocrx_word' id='word_1_54' title='bbox 525 948 693 1036; x_wconf 77' lang='grc' dir='ltr'><strong><em>’Ἅβραμος</em></strong></span> <span class='ocrx_word' id='word_1_55' title='bbox 713 950 922 1034; x_wconf 89' lang='grc' dir='ltr'><strong><em>θεασάμενος</em></strong></span> <span class='ocrx_word' id='word_1_56' title='bbox 950 960 1038 1035; x_wconf 90' lang='grc' dir='ltr'><strong><em>τρεῖς</em></strong></span> <span class='ocrx_word' id='word_1_57' title='bbox 1059 949 1118 1032; x_wconf 83' lang='grc' dir='ltr'><strong><em>ἀγ-</em></strong></span> 
     </span>
     <span class='ocr_line' id='line_1_9' title="bbox 102 1052 1119 1142; baseline 0 -22"><span class='ocrx_word' id='word_1_58' title='bbox 102 1054 220 1139; x_wconf 82' lang='grc' dir='ltr'><strong><em>χέλους</em></strong></span> <span class='ocrx_word' id='word_1_59' title='bbox 247 1054 433 1142; x_wconf 85' lang='grc' dir='ltr'><strong><em>(ἐκαθέζετο</em></strong></span> <span class='ocrx_word' id='word_1_60' title='bbox 461 1052 498 1120; x_wconf 74' lang='grc' dir='ltr'><strong><em>δὲ</em></strong></span> <span class='ocrx_word' id='word_1_61' title='bbox 520 1059 603 1141; x_wconf 90' lang='grc' dir='ltr'><strong><em>πρὸς</em></strong></span> <span class='ocrx_word' id='word_1_62' title='bbox 631 1064 670 1140; x_wconf 74' lang='grc' dir='ltr'><strong><em>τῇ</em></strong></span> <span class='ocrx_word' id='word_1_63' title='bbox 694 1058 774 1141; x_wconf 83' lang='grc' dir='ltr'><strong><em>δρυῒ</em></strong></span> <span class='ocrx_word' id='word_1_64' title='bbox 794 1065 833 1141; x_wconf 82' lang='grc' dir='ltr'><strong><em>τή</em></strong></span> <span class='ocrx_word' id='word_1_65' title='bbox 856 1060 1006 1141; x_wconf 78' lang='grc' dir='ltr'><strong><em>Μαμβρῆ</em></strong></span> <span class='ocrx_word' id='word_1_66' title='bbox 1029 1058 1119 1141; x_wconf 85' lang='grc' dir='ltr'><strong><em>παρά</em></strong></span> 
     </span>
     <span class='ocr_line' id='line_1_10' title="bbox 103 1158 1118 1251; baseline 0.001 -24"><span class='ocrx_word' id='word_1_67' title='bbox 103 1171 141 1248; x_wconf 74' lang='grc' dir='ltr'><strong><em>τῇ</em></strong></span> <span class='ocrx_word' id='word_1_68' title='bbox 164 1164 256 1251; x_wconf 79' lang='grc' dir='ltr'><strong><em>θύρα</em></strong></span> <span class='ocrx_word' id='word_1_69' title='bbox 282 1172 340 1246; x_wconf 87' lang='grc' dir='ltr'><strong><em>τής</em></strong></span> <span class='ocrx_word' id='word_1_70' title='bbox 362 1162 467 1228; x_wconf 85' lang='grc' dir='ltr'><strong><em>αὐτοῦ</em></strong></span> <span class='ocrx_word' id='word_1_71' title='bbox 489 1160 606 1248; x_wconf 86' lang='grc' dir='ltr'><strong><em>αύλής)</em></strong></span> <span class='ocrx_word' id='word_1_72' title='bbox 634 1161 689 1227; x_wconf 77' lang='grc' dir='ltr'><strong><em>καὶ</em></strong></span> <span class='ocrx_word' id='word_1_73' title='bbox 717 1166 856 1246; x_wconf 84' lang='grc' dir='ltr'><strong><em>νομίσας</em></strong></span> <span class='ocrx_word' id='word_1_74' title='bbox 882 1158 969 1228; x_wconf 75' lang='grc' dir='ltr'><strong><em>εἶναι</em></strong></span> <span class='ocrx_word' id='word_1_75' title='bbox 992 1162 1118 1246; x_wconf 88' lang='grc' dir='ltr'><strong><em>ξένους,</em></strong></span> 
     </span>
     <span class='ocr_line' id='line_1_11' title="bbox 102 1265 1162 1357; baseline -0.001 -23"><span class='ocrx_word' id='word_1_76' title='bbox 102 1270 272 1353; x_wconf 87' lang='grc' dir='ltr'><strong><em>ήσπάσατό</em></strong></span> <span class='ocrx_word' id='word_1_77' title='bbox 286 1266 314 1334; x_wconf 88' lang='grc' dir='ltr'><strong><em>τ’</em></strong></span> <span class='ocrx_word' id='word_1_78' title='bbox 332 1268 475 1345; x_wconf 81' lang='grc' dir='ltr'><strong><em>ἀναστάς</em></strong></span> <span class='ocrx_word' id='word_1_79' title='bbox 492 1267 547 1335; x_wconf 85' lang='grc' dir='ltr'><strong><em>καὶ</em></strong></span> <span class='ocrx_word' id='word_1_80' title='bbox 566 1265 643 1354; x_wconf 87' lang='grc' dir='ltr'><strong><em>παρ’</em></strong></span> <span class='ocrx_word' id='word_1_81' title='bbox 666 1268 754 1357; x_wconf 75' lang='grc' dir='ltr'><strong><em>αὐτῷ</em></strong></span> <span class='ocrx_word' id='word_1_82' title='bbox 773 1267 997 1354; x_wconf 76' lang='grc' dir='ltr'><strong><em>καταχθέντας</em></strong></span> <span class='ocrx_word' id='word_1_83' title='bbox 1019 1285 1162 1354; x_wconf 60' lang='lat' dir='ltr'><strong><em>notos-10</em></strong></span> 
     </span>
     <span class='ocr_line' id='line_1_12' title="bbox 103 1373 1120 1461; baseline -0.001 -21"><span class='ocrx_word' id='word_1_84' title='bbox 103 1376 195 1441; x_wconf 90' lang='grc' dir='ltr'><strong><em>κάλει</em></strong></span> <span class='ocrx_word' id='word_1_85' title='bbox 218 1375 338 1453; x_wconf 83' lang='grc' dir='ltr'><strong><em>ξενίων</em></strong></span> <span class='ocrx_word' id='word_1_86' title='bbox 360 1380 567 1461; x_wconf 77' lang='grc' dir='ltr'><strong><em>μεταλαβεῖν.</em></strong></span> <span class='ocrx_word' id='word_1_87' title='bbox 605 1376 714 1459; x_wconf 78' lang='grc'>(197)</span> <span class='ocrx_word' id='word_1_88' title='bbox 734 1374 979 1441; x_wconf 74' lang='grc' dir='ltr'><strong><em>ἐπινευσάντων</em></strong></span> <span class='ocrx_word' id='word_1_89' title='bbox 1003 1373 1033 1439; x_wconf 95' lang='grc' dir='ltr'><strong><em>δ’</em></strong></span> <span class='ocrx_word' id='word_1_90' title='bbox 1061 1377 1120 1460; x_wconf 84' lang='grc' dir='ltr'><strong><em>άρ-</em></strong></span> 
     </span>
     <span class='ocr_line' id='line_1_13' title="bbox 103 1480 1120 1567; baseline 0 -21"><span class='ocrx_word' id='word_1_91' title='bbox 103 1505 181 1559; x_wconf 89' lang='grc' dir='ltr'><strong><em>τους</em></strong></span> <span class='ocrx_word' id='word_1_92' title='bbox 216 1505 251 1546; x_wconf 90' lang='grc' dir='ltr'><strong><em>τε</em></strong></span> <span class='ocrx_word' id='word_1_93' title='bbox 287 1480 486 1567; x_wconf 79' lang='grc' dir='ltr'><strong><em>προσέταξεν</em></strong></span> <span class='ocrx_word' id='word_1_94' title='bbox 515 1482 619 1559; x_wconf 78' lang='grc' dir='ltr'><strong><em>εὐθὺς</em></strong></span> <span class='ocrx_word' id='word_1_95' title='bbox 652 1480 687 1547; x_wconf 77' lang='grc' dir='ltr'><strong><em>ἐκ</em></strong></span> <span class='ocrx_word' id='word_1_96' title='bbox 721 1482 921 1565; x_wconf 76' lang='grc' dir='ltr'><strong><em>σεμιδάλεως</em></strong></span> <span class='ocrx_word' id='word_1_97' title='bbox 949 1480 1120 1565; x_wconf 81' lang='grc' dir='ltr'><strong><em>γενέσθαι,</em></strong></span> 
     </span>
     <span class='ocr_line' id='line_1_14' title="bbox 104 1587 1120 1673; baseline 0.001 -20"><span class='ocrx_word' id='word_1_98' title='bbox 104 1587 158 1654; x_wconf 77' lang='grc' dir='ltr'><strong><em>καὶ</em></strong></span> <span class='ocrx_word' id='word_1_99' title='bbox 186 1591 312 1673; x_wconf 80' lang='grc' dir='ltr'><strong><em>μόσχον</em></strong></span> <span class='ocrx_word' id='word_1_100' title='bbox 343 1591 452 1666; x_wconf 89' lang='grc' dir='ltr'><strong><em>θύσας</em></strong></span> <span class='ocrx_word' id='word_1_101' title='bbox 482 1588 537 1655; x_wconf 83' lang='grc' dir='ltr'><strong><em>καὶ</em></strong></span> <span class='ocrx_word' id='word_1_102' title='bbox 565 1589 708 1672; x_wconf 79' lang='grc' dir='ltr'><strong><em>ὀπτήσας</em></strong></span> <span class='ocrx_word' id='word_1_103' title='bbox 735 1587 888 1673; x_wconf 80' lang='grc' dir='ltr'><strong><em>ἐκόμισεν</em></strong></span> <span class='ocrx_word' id='word_1_104' title='bbox 915 1588 1028 1664; x_wconf 83' lang='grc' dir='ltr'><strong><em>αὐτοῖς</em></strong></span> <span class='ocrx_word' id='word_1_105' title='bbox 1054 1588 1120 1654; x_wconf 86' lang='grc' dir='ltr'><strong><em>ὑπὸ</em></strong></span> 
     </span>
     <span class='ocr_line' id='line_1_15' title="bbox 104 1692 1121 1782; baseline 0 -22"><span class='ocrx_word' id='word_1_106' title='bbox 104 1703 143 1780; x_wconf 79' lang='grc' dir='ltr'><strong><em>τῇ</em></strong></span> <span class='ocrx_word' id='word_1_107' title='bbox 171 1696 250 1778; x_wconf 82' lang='grc' dir='ltr'><strong><em>δρυλΙ</em></strong></span> <span class='ocrx_word' id='word_1_108' title='bbox 275 1693 529 1781; x_wconf 88' lang='grc' dir='ltr'><strong><em>κατακειμένοις.</em></strong></span> <span class='ocrx_word' id='word_1_109' title='bbox 576 1698 611 1760; x_wconf 81' lang='grc' dir='ltr'><strong><em>οἳ</em></strong></span> <span class='ocrx_word' id='word_1_110' title='bbox 638 1692 676 1759; x_wconf 74' lang='grc' dir='ltr'><strong><em>δὲ</em></strong></span> <span class='ocrx_word' id='word_1_111' title='bbox 706 1694 807 1772; x_wconf 84' lang='grc' dir='ltr'><strong><em>δόξαν</em></strong></span> <span class='ocrx_word' id='word_1_112' title='bbox 837 1694 925 1782; x_wconf 76' lang='grc' dir='ltr'><strong><em>αὐτῶ</em></strong></span> <span class='ocrx_word' id='word_1_113' title='bbox 955 1692 1121 1779; x_wconf 86' lang='grc' dir='ltr'><strong><em>παρέσχον</em></strong></span> 
     </span>
     <span class='ocr_line' id='line_1_16' title="bbox 106 1790 1163 1886; baseline 0.002 -21"><span class='ocrx_word' id='word_1_114' title='bbox 106 1800 303 1884; x_wconf 90' lang='grc' dir='ltr'><strong><em>ἐσθιόντων,</em></strong></span> <span class='ocrx_word' id='word_1_115' title='bbox 327 1804 374 1867; x_wconf 87' lang='grc' dir='ltr'><strong><em>ἐτι</em></strong></span> <span class='ocrx_word' id='word_1_116' title='bbox 396 1825 430 1867; x_wconf 89' lang='grc' dir='ltr'><strong><em>τε</em></strong></span> <span class='ocrx_word' id='word_1_117' title='bbox 453 1799 605 1886; x_wconf 77' lang='grc' dir='ltr'><strong><em>καὶπερὶ</em></strong></span> <span class='ocrx_word' id='word_1_118' title='bbox 629 1799 686 1884; x_wconf 87' lang='grc' dir='ltr'><strong><em>τής</em></strong></span> <span class='ocrx_word' id='word_1_119' title='bbox 708 1803 865 1885; x_wconf 77' lang='grc' dir='ltr'><strong><em>γυναικὸς</em></strong></span> <span class='ocrx_word' id='word_1_120' title='bbox 889 1790 1121 1868; x_wconf 78' lang='grc' dir='ltr'><strong><em>ἐπυνθάνοντο</em></strong></span> <span class='ocrx_word' id='word_1_121' title='bbox 1137 1815 1163 1856; x_wconf 82' lang='lat'><strong><em>1⁵</em></strong></span> 
     </span>
     <span class='ocr_line' id='line_1_17' title="bbox 106 1905 1123 1992; baseline 0 -20"><span class='ocrx_word' id='word_1_122' title='bbox 106 1917 171 1975; x_wconf 84' lang='grc' dir='ltr'><strong><em>πού</em></strong></span> <span class='ocrx_word' id='word_1_123' title='bbox 200 1905 273 1973; x_wconf 89' lang='grc' dir='ltr'><strong><em>ποτ’</em></strong></span> <span class='ocrx_word' id='word_1_124' title='bbox 300 1913 351 1991; x_wconf 86' lang='grc' dir='ltr'><strong><em>είη</em></strong></span> <span class='ocrx_word' id='word_1_125' title='bbox 378 1908 590 1992; x_wconf 82' lang='grc' dir='ltr'><strong><em>τυγχάνουσα</em></strong></span> <span class='ocrx_word' id='word_1_126' title='bbox 611 1907 632 1990; x_wconf 81' lang='grc' dir='ltr'><strong><em>ἡ</em></strong></span> <span class='ocrx_word' id='word_1_127' title='bbox 656 1907 783 1992; x_wconf 89' lang='grc' dir='ltr'><strong><em>Σάρρα.</em></strong></span> <span class='ocrx_word' id='word_1_128' title='bbox 830 1905 943 1972; x_wconf 83' lang='grc' dir='ltr'><strong><em>τοῦδ</em></strong></span> <span class='ocrx_word' id='word_1_129' title='bbox 971 1908 1123 1984; x_wconf 89' lang='grc' dir='ltr'><strong><em>είπόντος</em></strong></span> 
     </span>
     <span class='ocr_line' id='line_1_18' title="bbox 106 2009 1124 2099; baseline -0.001 -20"><span class='ocrx_word' id='word_1_130' title='bbox 106 2016 206 2079; x_wconf 83' lang='grc' dir='ltr'><strong><em>ἐνδον</em></strong></span> <span class='ocrx_word' id='word_1_131' title='bbox 238 2009 345 2097; x_wconf 79' lang='grc' dir='ltr'><strong><em>εἶναι,</em></strong></span> <span class='ocrx_word' id='word_1_132' title='bbox 376 2013 468 2096; x_wconf 78' lang='grc' dir='ltr'><strong><em>ἥξειν</em></strong></span> <span class='ocrx_word' id='word_1_133' title='bbox 500 2015 629 2098; x_wconf 81' lang='grc' dir='ltr'><strong><em>ἔφασαν</em></strong></span> <span class='ocrx_word' id='word_1_134' title='bbox 658 2015 705 2088; x_wconf 88' lang='grc' dir='ltr'><strong><em>είς</em></strong></span> <span class='ocrx_word' id='word_1_135' title='bbox 732 2016 769 2078; x_wconf 87' lang='grc' dir='ltr'><strong><em>τὸ</em></strong></span> <span class='ocrx_word' id='word_1_136' title='bbox 799 2011 921 2096; x_wconf 87' lang='grc' dir='ltr'><strong><em>μέλλον</em></strong></span> <span class='ocrx_word' id='word_1_137' title='bbox 944 2009 1042 2099; x_wconf 81' lang='grc' dir='ltr'><strong><em>(ἔτος)</em></strong></span> <span class='ocrx_word' id='word_1_138' title='bbox 1067 2013 1124 2078; x_wconf 82' lang='grc' dir='ltr'><strong><em>καὶ</em></strong></span> 
     </span>
     <span class='ocr_line' id='line_1_19' title="bbox 106 2115 1125 2205; baseline -0.002 -20"><span class='ocrx_word' id='word_1_139' title='bbox 106 2121 260 2205; x_wconf 80' lang='grc' dir='ltr'><strong><em>εὑρήσειν</em></strong></span> <span class='ocrx_word' id='word_1_140' title='bbox 283 2119 388 2203; x_wconf 84' lang='grc' dir='ltr'><strong><em>αὐτήν</em></strong></span> <span class='ocrx_word' id='word_1_141' title='bbox 415 2121 479 2203; x_wconf 90' lang='grc' dir='ltr'><strong><em>ήδη</em></strong></span> <span class='ocrx_word' id='word_1_142' title='bbox 509 2116 632 2203; x_wconf 87' lang='grc' dir='ltr'><strong><em>μητέρα</em></strong></span> <span class='ocrx_word' id='word_1_143' title='bbox 655 2115 887 2202; x_wconf 76' lang='grc' dir='ltr'><strong><em>γεγενημένην.</em></strong></span> <span class='ocrx_word' id='word_1_144' title='bbox 933 2120 1043 2202; x_wconf 86' lang='grc'>&lt;198&gt;</span> <span class='ocrx_word' id='word_1_145' title='bbox 1067 2129 1125 2203; x_wconf 80' lang='grc' dir='ltr'><strong><em>τῆς</em></strong></span> 
     </span>
     <span class='ocr_line' id='line_1_20' title="bbox 108 2221 1125 2313; baseline 0 -22"><span class='ocrx_word' id='word_1_146' title='bbox 108 2222 145 2291; x_wconf 74' lang='grc' dir='ltr'><strong><em>δέ</em></strong></span> <span class='ocrx_word' id='word_1_147' title='bbox 164 2229 320 2309; x_wconf 80' lang='grc' dir='ltr'><strong><em>γυναικὸς</em></strong></span> <span class='ocrx_word' id='word_1_148' title='bbox 339 2224 392 2291; x_wconf 78' lang='grc' dir='ltr'><strong><em>ἐπὶ</em></strong></span> <span class='ocrx_word' id='word_1_149' title='bbox 410 2227 516 2313; x_wconf 80' lang='grc' dir='ltr'><strong><em>τούτω</em></strong></span> <span class='ocrx_word' id='word_1_150' title='bbox 535 2226 750 2309; x_wconf 80' lang='grc' dir='ltr'><strong><em>μειδιασάσης</em></strong></span> <span class='ocrx_word' id='word_1_151' title='bbox 767 2223 822 2289; x_wconf 84' lang='grc' dir='ltr'><strong><em>καὶ</em></strong></span> <span class='ocrx_word' id='word_1_152' title='bbox 845 2224 1013 2291; x_wconf 87' lang='grc' dir='ltr'><strong><em>άδύνατον</em></strong></span> <span class='ocrx_word' id='word_1_153' title='bbox 1036 2221 1125 2291; x_wconf 78' lang='grc' dir='ltr'><strong><em>εἶναι</em></strong></span> 
     </span>
     <span class='ocr_line' id='line_1_21' title="bbox 107 2326 1166 2416; baseline 0.001 -20"><span class='ocrx_word' id='word_1_154' title='bbox 107 2333 168 2415; x_wconf 85' lang='grc' dir='ltr'><strong><em>τήν</em></strong></span> <span class='ocrx_word' id='word_1_155' title='bbox 195 2336 406 2396; x_wconf 90' lang='grc' dir='ltr'><strong><em>τεκνοποιίαν</em></strong></span> <span class='ocrx_word' id='word_1_156' title='bbox 432 2332 609 2415; x_wconf 80' lang='grc' dir='ltr'><strong><em>εἰπούσης,</em></strong></span> <span class='ocrx_word' id='word_1_157' title='bbox 641 2330 742 2412; x_wconf 81' lang='grc' dir='ltr'><strong><em>αὐτῆς</em></strong></span> <span class='ocrx_word' id='word_1_158' title='bbox 768 2326 830 2412; x_wconf 76' lang='grc' dir='ltr'><strong><em>μὲν</em></strong></span> <span class='ocrx_word' id='word_1_159' title='bbox 853 2329 1039 2414; x_wconf 87' lang='grc' dir='ltr'><strong><em>ἐνενήκοντ’</em></strong></span> <span class='ocrx_word' id='word_1_160' title='bbox 1067 2335 1124 2416; x_wconf 85' lang='grc' dir='ltr'><strong><em>ἐτη</em></strong></span> <span class='ocrx_word' id='word_1_161' title='bbox 1140 2347 1166 2387; x_wconf 73' lang='lat'><strong><em>20</em></strong></span> 
     </span>
     <span class='ocr_line' id='line_1_22' title="bbox 108 2433 1125 2523; baseline 0 -20"><span class='ocrx_word' id='word_1_162' title='bbox 108 2437 247 2523; x_wconf 88' lang='grc' dir='ltr'><strong><em>ἐχούσης</em></strong></span> <span class='ocrx_word' id='word_1_163' title='bbox 274 2447 335 2503; x_wconf 85' lang='grc' dir='ltr'><strong><em>τοῦ</em></strong></span> <span class='ocrx_word' id='word_1_164' title='bbox 359 2434 389 2501; x_wconf 88' lang='grc' dir='ltr'><strong><em>δ’</em></strong></span> <span class='ocrx_word' id='word_1_165' title='bbox 416 2437 540 2521; x_wconf 79' lang='grc' dir='ltr'><strong><em>ἀνδρὸς</em></strong></span> <span class='ocrx_word' id='word_1_166' title='bbox 567 2435 702 2518; x_wconf 80' lang='grc' dir='ltr'><strong><em>ἑκατόν,</em></strong></span> <span class='ocrx_word' id='word_1_167' title='bbox 732 2433 841 2500; x_wconf 88' lang='grc' dir='ltr'><strong><em>οὐκέτι</em></strong></span> <span class='ocrx_word' id='word_1_168' title='bbox 863 2436 1022 2523; x_wconf 88' lang='grc' dir='ltr'><strong><em>κατέσχον</em></strong></span> <span class='ocrx_word' id='word_1_169' title='bbox 1046 2443 1125 2504; x_wconf 88' lang='grc' dir='ltr'><strong><em>λαν-</em></strong></span> 
     </span>
     <span class='ocr_line' id='line_1_23' title="bbox 107 2540 1125 2628; baseline 0.002 -20"><span class='ocrx_word' id='word_1_170' title='bbox 107 2544 285 2625; x_wconf 88' lang='grc' dir='ltr'><strong><em>θάνοντες,</em></strong></span> <span class='ocrx_word' id='word_1_171' title='bbox 308 2540 380 2607; x_wconf 80' lang='grc' dir='ltr'><strong><em>ἀλλ’</em></strong></span> <span class='ocrx_word' id='word_1_172' title='bbox 409 2543 578 2628; x_wconf 86' lang='grc' dir='ltr'><strong><em>ἐμήνυσαν</em></strong></span> <span class='ocrx_word' id='word_1_173' title='bbox 602 2541 740 2618; x_wconf 82' lang='grc' dir='ltr'><strong><em>ἑαυτοὺς</em></strong></span> <span class='ocrx_word' id='word_1_174' title='bbox 762 2543 859 2618; x_wconf 75' lang='grc' dir='ltr'><strong><em>ὄντας</em></strong></span> <span class='ocrx_word' id='word_1_175' title='bbox 881 2541 1041 2625; x_wconf 81' lang='grc' dir='ltr'><strong><em>άχχέλους</em></strong></span> <span class='ocrx_word' id='word_1_176' title='bbox 1064 2555 1125 2610; x_wconf 87' lang='grc' dir='ltr'><strong><em>τοῦ</em></strong></span> 
     </span>
     <span class='ocr_line' id='line_1_24' title="bbox 108 2640 1125 2737; baseline 0.002 -23"><span class='ocrx_word' id='word_1_177' title='bbox 108 2655 213 2732; x_wconf 86' lang='grc' dir='ltr'><strong><em>θεοῦ,</em></strong></span> <span class='ocrx_word' id='word_1_178' title='bbox 244 2647 299 2713; x_wconf 83' lang='grc' dir='ltr'><strong><em>καὶ</em></strong></span> <span class='ocrx_word' id='word_1_179' title='bbox 332 2649 382 2714; x_wconf 87' lang='grc' dir='ltr'><strong><em>ότι</em></strong></span> <span class='ocrx_word' id='word_1_180' title='bbox 409 2653 641 2734; x_wconf 87' lang='grc' dir='ltr'><strong><em>πεμφθείημεν</em></strong></span> <span class='ocrx_word' id='word_1_181' title='bbox 669 2649 688 2714; x_wconf 87' lang='grc' dir='ltr'><strong><em>δ</em></strong></span> <span class='ocrx_word' id='word_1_182' title='bbox 716 2645 777 2732; x_wconf 72' lang='grc' dir='ltr'><strong><em>μὲν</em></strong></span> <span class='ocrx_word' id='word_1_183' title='bbox 800 2640 847 2725; x_wconf 86' lang='grc' dir='ltr'><strong><em>εἷς</em></strong></span> <span class='ocrx_word' id='word_1_184' title='bbox 870 2662 1027 2733; x_wconf 81' lang='grc' dir='ltr'><strong><em>σημανῶν</em></strong></span> <span class='ocrx_word' id='word_1_185' title='bbox 1049 2650 1125 2737; x_wconf 76' lang='grc' dir='ltr'><strong><em>περὶ</em></strong></span> 
     </span>
     <span class='ocr_line' id='line_1_25' title="bbox 108 2749 1062 2841; baseline -0.002 -19"><span class='ocrx_word' id='word_1_186' title='bbox 108 2764 168 2822; x_wconf 85' lang='grc' dir='ltr'><strong><em>τοῦ</em></strong></span> <span class='ocrx_word' id='word_1_187' title='bbox 190 2757 319 2838; x_wconf 89' lang='grc' dir='ltr'><strong><em>παιδός,</em></strong></span> <span class='ocrx_word' id='word_1_188' title='bbox 342 2755 378 2820; x_wconf 84' lang='grc' dir='ltr'><strong><em>οί</em></strong></span> <span class='ocrx_word' id='word_1_189' title='bbox 398 2757 460 2821; x_wconf 91' lang='grc' dir='ltr'><strong><em>δύο</em></strong></span> <span class='ocrx_word' id='word_1_190' title='bbox 484 2752 521 2820; x_wconf 73' lang='grc' dir='ltr'><strong><em>δὲ</em></strong></span> <span class='ocrx_word' id='word_1_191' title='bbox 544 2758 732 2839; x_wconf 88' lang='grc' dir='ltr'><strong><em>Σοδομίτας</em></strong></span> <span class='ocrx_word' id='word_1_192' title='bbox 753 2749 1062 2841; x_wconf 80' lang='grc' dir='ltr'><strong><em>καταστρεψόμενοι.</em></strong></span> 
     </span>
    </p>

    <p class='ocr_par' dir='ltr' id='par_1_4' title="bbox 74 2858 1170 3478">
     <span class='ocr_line' id='line_1_26' title="bbox 74 2858 1167 2946; baseline -0.001 -19"><span class='ocrx_word' id='word_1_193' title='bbox 74 2880 91 2927; x_wconf 80' lang='lat'><strong>3</strong></span> <span class='ocrx_word' id='word_1_194' title='bbox 200 2861 310 2944; x_wconf 85' lang='lat'>&lt;199&gt;</span> <span class='ocrx_word' id='word_1_195' title='bbox 340 2858 430 2926; x_wconf 88' lang='grc' dir='ltr'><strong><em>ταῦτ’</em></strong></span> <span class='ocrx_word' id='word_1_196' title='bbox 458 2860 602 2938; x_wconf 82' lang='grc' dir='ltr'><strong><em>ἀκούσας</em></strong></span> <span class='ocrx_word' id='word_1_197' title='bbox 620 2859 787 2946; x_wconf 80' lang='grc' dir='ltr'><strong><em>’Ἅβραμος</em></strong></span> <span class='ocrx_word' id='word_1_198' title='bbox 813 2863 957 2945; x_wconf 82' lang='grc' dir='ltr'><strong><em>ήλχησεν</em></strong></span> <span class='ocrx_word' id='word_1_199' title='bbox 981 2860 1035 2926; x_wconf 82' lang='grc' dir='ltr'><strong><em>ἐπὶ</em></strong></span> <span class='ocrx_word' id='word_1_200' title='bbox 1057 2874 1126 2938; x_wconf 86' lang='grc' dir='ltr'><strong><em>τοῖς</em></strong></span> <span class='ocrx_word' id='word_1_201' title='bbox 1141 2876 1167 2916; x_wconf 75' lang='lat'><strong><em>2⁶</em></strong></span> 
     </span>
     <span class='ocr_line' id='line_1_27' title="bbox 111 2965 1126 3054; baseline 0 -21"><span class='ocrx_word' id='word_1_202' title='bbox 111 2971 323 3054; x_wconf 87' lang='grc' dir='ltr'><strong><em>Σοδομίταις,</em></strong></span> <span class='ocrx_word' id='word_1_203' title='bbox 346 2965 401 3031; x_wconf 85' lang='grc' dir='ltr'><strong><em>καὶ</em></strong></span> <span class='ocrx_word' id='word_1_204' title='bbox 418 2969 478 3032; x_wconf 89' lang='grc' dir='ltr'><strong><em>τὸν</em></strong></span> <span class='ocrx_word' id='word_1_205' title='bbox 491 2970 575 3033; x_wconf 85' lang='grc' dir='ltr'><strong><em>θεὸν</em></strong></span> <span class='ocrx_word' id='word_1_206' title='bbox 594 2966 737 3044; x_wconf 86' lang='grc' dir='ltr'><strong><em>ἀναστάς</em></strong></span> <span class='ocrx_word' id='word_1_207' title='bbox 761 2967 904 3033; x_wconf 79' lang='grc' dir='ltr'><strong><em>ἱκέτευσε</em></strong></span> <span class='ocrx_word' id='word_1_208' title='bbox 926 2974 1126 3054; x_wconf 84' lang='grc' dir='ltr'><strong><em>παρακαλῶν</em></strong></span> 
     </span>
     <span class='ocr_line' id='line_1_28' title="bbox 110 3071 1127 3159; baseline -0.003 -18"><span class='ocrx_word' id='word_1_209' title='bbox 110 3078 155 3159; x_wconf 88' lang='grc' dir='ltr'><strong><em>μή</em></strong></span> <span class='ocrx_word' id='word_1_210' title='bbox 170 3078 247 3151; x_wconf 82' lang='grc' dir='ltr'><strong><em>τοὺς</em></strong></span> <span class='ocrx_word' id='word_1_211' title='bbox 266 3076 414 3150; x_wconf 86' lang='grc' dir='ltr'><strong><em>δικαίους</em></strong></span> <span class='ocrx_word' id='word_1_212' title='bbox 426 3071 482 3138; x_wconf 80' lang='grc' dir='ltr'><strong><em>καὶ</em></strong></span> <span class='ocrx_word' id='word_1_213' title='bbox 500 3072 649 3155; x_wconf 81' lang='grc' dir='ltr'><strong><em>ἀγαθοὺς</em></strong></span> <span class='ocrx_word' id='word_1_214' title='bbox 668 3077 915 3140; x_wconf 88' lang='grc' dir='ltr'><strong><em>συναπολλύναι</em></strong></span> <span class='ocrx_word' id='word_1_215' title='bbox 934 3085 1003 3151; x_wconf 89' lang='grc' dir='ltr'><strong><em>τοῖς</em></strong></span> <span class='ocrx_word' id='word_1_216' title='bbox 1024 3097 1127 3158; x_wconf 91' lang='grc' dir='ltr'><strong><em>πονη-</em></strong></span> 
     </span>
     <span class='ocr_line' id='line_1_29' title="bbox 111 3175 1127 3265; baseline 0 -18"><span class='ocrx_word' id='word_1_217' title='bbox 111 3192 190 3265; x_wconf 85' lang='grc' dir='ltr'><strong><em>ροῖς.</em></strong></span> <span class='ocrx_word' id='word_1_218' title='bbox 236 3189 297 3246; x_wconf 83' lang='grc' dir='ltr'><strong><em>τοῦ</em></strong></span> <span class='ocrx_word' id='word_1_219' title='bbox 320 3175 357 3244; x_wconf 72' lang='grc' dir='ltr'><strong><em>δὲ</em></strong></span> <span class='ocrx_word' id='word_1_220' title='bbox 379 3185 465 3246; x_wconf 84' lang='grc' dir='ltr'><strong><em>θεοῦ</em></strong></span> <span class='ocrx_word' id='word_1_221' title='bbox 487 3182 656 3264; x_wconf 84' lang='grc' dir='ltr'><strong><em>φήσαντος</em></strong></span> <span class='ocrx_word' id='word_1_222' title='bbox 678 3177 793 3263; x_wconf 88' lang='grc' dir='ltr'><strong><em>μηδέν’</em></strong></span> <span class='ocrx_word' id='word_1_223' title='bbox 820 3176 906 3244; x_wconf 87' lang='grc' dir='ltr'><strong><em>εἶναι</em></strong></span> <span class='ocrx_word' id='word_1_224' title='bbox 929 3191 996 3245; x_wconf 89' lang='grc' dir='ltr'><strong><em>τῶν</em></strong></span> <span class='ocrx_word' id='word_1_225' title='bbox 1019 3182 1127 3247; x_wconf 91' lang='grc' dir='ltr'><strong><em>Σοδο-</em></strong></span> 
     </span>
     <span class='ocr_line' id='line_1_30' title="bbox 111 3281 1141 3372; baseline 0.002 -21"><span class='ocrx_word' id='word_1_226' title='bbox 111 3297 215 3370; x_wconf 89' lang='grc' dir='ltr'><strong><em>μιτῶν</em></strong></span> <span class='ocrx_word' id='word_1_227' title='bbox 238 3285 370 3370; x_wconf 80' lang='grc' dir='ltr'><strong><em>ἀγαθόν</em></strong></span> <span class='ocrx_word' id='word_1_228' title='bbox 393 3285 438 3372; x_wconf 88' lang='grc' dir='ltr'><strong><em>(εί</em></strong></span> <span class='ocrx_word' id='word_1_229' title='bbox 459 3287 523 3370; x_wconf 79' lang='grc' dir='ltr'><strong><em>γὰρ</em></strong></span> <span class='ocrx_word' id='word_1_230' title='bbox 547 3285 584 3351; x_wconf 88' lang='grc' dir='ltr'><strong><em>ἐν</em></strong></span> <span class='ocrx_word' id='word_1_231' title='bbox 602 3286 715 3362; x_wconf 85' lang='grc' dir='ltr'><strong><em>αὐτοῖς</em></strong></span> <span class='ocrx_word' id='word_1_232' title='bbox 738 3283 817 3349; x_wconf 90' lang='grc' dir='ltr'><strong><em>δέκα</em></strong></span> <span class='ocrx_word' id='word_1_233' title='bbox 841 3281 920 3368; x_wconf 85' lang='grc' dir='ltr'><strong><em>εἷεν,</em></strong></span> <span class='ocrx_word' id='word_1_234' title='bbox 943 3298 1141 3372; x_wconf 80' lang='grc' dir='ltr'><strong><em>συγχωρεῖν,</em></strong></span> 
     </span>
     <span class='ocr_line' id='line_1_31' title="bbox 112 3387 1170 3478; baseline -0.002 -20"><span class='ocrx_word' id='word_1_235' title='bbox 112 3394 213 3458; x_wconf 83' lang='grc' dir='ltr'><strong><em>άπασι</em></strong></span> <span class='ocrx_word' id='word_1_236' title='bbox 231 3394 293 3476; x_wconf 85' lang='grc' dir='ltr'><strong><em>τήν</em></strong></span> <span class='ocrx_word' id='word_1_237' title='bbox 312 3391 365 3458; x_wconf 85' lang='grc' dir='ltr'><strong><em>ἐπὶ</em></strong></span> <span class='ocrx_word' id='word_1_238' title='bbox 383 3403 452 3470; x_wconf 84' lang='grc' dir='ltr'><strong><em>τοῖς</em></strong></span> <span class='ocrx_word' id='word_1_239' title='bbox 465 3391 674 3478; x_wconf 85' lang='grc' dir='ltr'><strong><em>ἁμαρτήμασι</em></strong></span> <span class='ocrx_word' id='word_1_240' title='bbox 688 3387 875 3478; x_wconf 87' lang='grc' dir='ltr'><strong><em>τιμωρίαν),</em></strong></span> <span class='ocrx_word' id='word_1_241' title='bbox 899 3390 917 3456; x_wconf 88' lang='grc' dir='ltr'>ὁ</span> <span class='ocrx_word' id='word_1_242' title='bbox 936 3388 997 3477; x_wconf 75' lang='grc' dir='ltr'><strong><em>μὲν</em></strong></span> <span class='ocrx_word' id='word_1_243' title='bbox 1008 3390 1129 3477; x_wconf 77' lang='grc' dir='ltr'><strong><em>’Ἁβρα-</em></strong></span> <span class='ocrx_word' id='word_1_244' title='bbox 1144 3409 1170 3450; x_wconf 76' lang='lat'><strong><em>³0</em></strong></span> 
     </span>
    </p>

    <p class='ocr_par' dir='ltr' id='par_1_5' title="bbox 184 3510 1020 3579">
     <span class='ocr_line' id='line_1_32' title="bbox 184 3510 1020 3579; baseline -0.001 -12"><span class='ocrx_word' id='word_1_245' title='bbox 184 3513 402 3579; x_wconf 75' lang='lat' dir='ltr'>§195=Gen.</span> <span class='ocrx_word' id='word_1_246' title='bbox 421 3513 513 3568; x_wconf 87' lang='lat' dir='ltr'><strong>XVIII</strong></span> <span class='ocrx_word' id='word_1_247' title='bbox 531 3519 573 3568; x_wconf 74' lang='lat'><strong><em>20.</em></strong></span> <span class='ocrx_word' id='word_1_248' title='bbox 649 3511 867 3578; x_wconf 73' lang='lat' dir='ltr'><strong>§19‘I=Gen.</strong></span> <span class='ocrx_word' id='word_1_249' title='bbox 886 3510 977 3566; x_wconf 83' lang='lat' dir='ltr'><strong>XVIII</strong></span> <span class='ocrx_word' id='word_1_250' title='bbox 997 3520 1020 3568; x_wconf 78' lang='lat'><strong><em>7.</em></strong></span> 
     </span>
    </p>
   </div>
   <div class='ocr_carea' id='block_1_3' title="bbox 0 0 1247 3848">
    <p class='ocr_par' dir='ltr' id='par_1_6' title="bbox 0 0 1247 3848">
     <span class='ocr_line' id='line_1_33' title="bbox 0 0 1247 3848; baseline 0 0"><span class='ocrx_word' id='word_1_251' title='bbox 0 0 1247 3848; x_wconf 95' lang='lat' dir='ltr'><strong><em> </em></strong></span> 
     </span>
    </p>
   </div>
  </div>
 </body>
</html>
