2460 3848
119 123 187 189 314
337 122 340 127 '
488 123 762 176 Αεεειοοοοιιε

118 287 242 370 ταύτην
260 285 550 372 παρεσκευάζοντο.
597 283 706 365 <249>
726 284 815 367 ἔφθη
833 305 880 364 τε,
897 283 961 366 τὴν
983 284 1150 350 διάνοιαν

119 391 229 457 αὐτῶν
249 388 456 475 Ἀβιμέλεχος
474 389 605 472 μαθων,
628 387 744 453 ἐλθεῖν
763 384 812 452 ἐπ’
835 387 958 465 αὐτοὺς
976 391 1068 473 μετά
1091 400 1149 474 τῆς
1208 426 1215 449 ι

120 498 311 583 δυνάμεως,
343 491 398 559 καί
430 490 594 578 φακέλους
624 492 707 577 ύλης
739 493 839 578 ξηρᾶς
860 496 1070 577 περιβαλὼν
1101 505 1147 584 τῷ

120 607 244 692 χωρίφ,
266 598 310 667 δι’
333 600 437 665 αὑτοῦ
455 596 568 684 φέρων
586 598 686 664 ταύτὸ
705 609 815 664 ποιεῖν
833 606 872 683 τῇ
896 609 1041 687 στρατιᾷ
1064 622 1146 687 παρ

119 710 323 775 εκελεύσατο.
369 702 424 769 καὶ
451 702 573 789 ταχέως
599 708 861 789 περιληφθείσης
884 702 922 769 ἐν
944 705 1064 795 κύκλφ
1089 718 1167 792 τῆςι

119 812 238 898 πέτρας
264 821 333 886 τοῖς
360 809 490 893 ξύλοις,
516 819 582 896 πῦρ
611 809 835 894 ἐμβάλλουσιν
861 810 923 875 ὅσα
951 833 985 876 τε
1012 818 1145 896 μᾶλλον

122 918 274 997 ἐξάπτειν
310 916 415 1002 φύσιν
451 919 539 1002 ἔχει,
574 915 630 981 καί
662 920 820 1000 μεγίστην
855 922 988 1002 αἴρουσι
1023 923 1137 1003 φλόγα

121 1025 230 1107 <250>
249 1022 305 1088 καὶ
328 1024 502 1107 διαφεύγει
520 1018 582 1106 μέν
604 1022 669 1088 άπὸ
692 1031 751 1106 τῆς
772 1020 891 1108 πέτρας
914 1022 1043 1108 οὐδείς,
1066 1022 1140 1090 ἀλλ’
1218 1086 1220 1107 ,

120 1132 187 1215 ἅμα
214 1127 345 1213 γυναιξὶ
372 1128 428 1195 καί
455 1131 583 1205 τέκνοις
609 1127 798 1212 ἀπώλοντο,
825 1129 945 1214 ἄνδρες
972 1125 1038 1212 μὲν
1066 1130 1143 1218 περὶ
1218 1116 1220 1139 ’

120 1240 356 1313 πεντακοσίους
382 1233 437 1300 καὶ
464 1238 606 1319 χιλίους,
633 1237 670 1301 τὸ
694 1231 725 1300 δ’
752 1237 833 1301 άλλο
856 1240 986 1318 πλῆθος
1011 1235 1142 1304 ἱκανόν.
1155 1254 1176 1294 1⁰

187 1341 241 1408 καί
256 1346 443 1425 Σικιμίταις
461 1337 523 1425 μέν
540 1342 674 1425 τοιαύτη
695 1342 850 1427 συμφορά
873 1338 1050 1426 συνέπεσε,
1074 1349 1143 1429 μεί-

122 1453 186 1528 ζων
208 1448 263 1515 καί
285 1458 342 1533 τῆς
365 1444 416 1514 ἐπ’
439 1447 522 1531 αὐτῇ
546 1448 652 1531 λύπης
674 1445 849 1532 γενομένη,
871 1448 958 1531 πλὴν
983 1447 1036 1514 ὅτι
1060 1453 1144 1516 κατὰ

121 1557 237 1641 δίκην,
261 1553 309 1621 ἐπ’
337 1554 459 1640 ἀνδρὸς
482 1550 657 1639 εὐεργέτου
680 1559 836 1618 συνθεῖσι
858 1555 962 1619 κακὸν
984 1561 1144 1639 τηλικού

86 1681 101 1728 5
121 1685 189 1728 τον.
227 1661 336 1744 <251>
348 1657 555 1744 Ἀβιμέλεχος
573 1655 610 1723 δέ
624 1670 694 1736 τοῖς
708 1663 892 1743 Σικιμιτῶν
909 1671 1024 1737 κακοῖς
1044 1687 1143 1729 κατα-

120 1767 244 1851 πλήξας
259 1769 337 1844 τούς
351 1763 564 1852 Ἰσραηλίτας,
588 1769 749 1849 μειζόνων
768 1765 940 1850 ἐφιέμενος
957 1767 1065 1849 δῆλος
1088 1765 1143 1854 ἦν,
1156 1785 1178 1825 15

120 1870 176 1947 καὶ
194 1874 349 1957 μηδαμοῦ
366 1871 581 1957 περιγράψων
599 1873 660 1955 τὴν
681 1873 771 1956 βίαν,
794 1873 826 1935 εί
847 1872 891 1955 μὴ
909 1870 1036 1950 πάντας
1061 1875 1143 1942 ἀπο-

121 1977 256 2044 λέσειεν.
302 1980 446 2062 ἤλαυνεν
470 1970 532 2041 οὖν
556 1973 609 2042 ἐπὶ
633 1979 760 2060 Θήβας,
790 1974 929 2060 κοίτην
952 1974 1015 2062 μὲν
1038 1986 1144 2048 πόλιν

122 2085 154 2164 ἐξ
175 2085 353 2171 ἐπιδρομῆς
370 2084 467 2169 αίρεῖ,
490 2083 620 2169 πύργου
639 2081 669 2146 δ’
694 2084 789 2160 όντος
812 2081 849 2147 έν
872 2084 954 2168 αὐτῇ
978 2087 1142 2171 μεγάλου,

122 2194 169 2268 είς
196 2192 236 2259 ὃν
267 2201 335 2257 πᾶν
364 2192 400 2255 τὸ
427 2194 557 2272 πλῆθος
586 2187 771 2274 συνέφυγε,
798 2194 990 2275 πολιορκεῖν
1018 2201 1142 2258 τοῦτον

121 2297 386 2384 παρεσκευάζετο.
438 2294 546 2378 <252>
579 2292 634 2358 καί
665 2295 769 2360 αὐτὸν
805 2299 946 2378 πλησίον
983 2296 1142 2379 ὁρμῶντα
1155 2315 1180 2354 ιο

121 2416 188 2470 τῶν
211 2409 326 2470 πυλῶν
348 2404 433 2486 γυνη
461 2402 652 2486 θραύσματι
674 2404 780 2485 μύλης
802 2405 951 2485 βαλοῦσα
975 2402 1058 2465 κατά
1083 2413 1143 2487 τῆς

121 2515 266 2594 κεφαλῆς
288 2506 451 2592 τυγχάνει.
496 2507 608 2570 πεσὼν
627 2503 660 2572 δ’
684 2502 892 2593 Ἀβιμέλεχος
913 2509 972 2573 τὸν
995 2506 1142 2573 ὑπασπι-

122 2614 204 2697 στὴν
235 2612 409 2698 παρεκάλει
441 2612 583 2674 κτείνειν
611 2611 733 2695 αὐτόν,
770 2613 814 2695 μὴ
844 2623 900 2695 τῆς
928 2614 1088 2695 γυναικὸς
1122 2615 1140 2681 δ

121 2718 266 2793 θάνατος
294 2716 398 2781 αύτοῦ
426 2714 553 2793 δόξειεν
576 2717 686 2799 ἔργον.
731 2714 786 2780 καὶ
809 2715 827 2781 ὃ
850 2713 911 2800 μέν
934 2720 971 2783 τὸ
994 2736 1141 2802 προστα-

121 2820 206 2909 χθὲν
234 2822 353 2905 ἐποίει,
380 2822 490 2906 <253>
514 2819 532 2885 ὃ
557 2816 594 2884 δέ
616 2821 773 2905 τοιαύτην
800 2818 882 2908 ὑπὲρ
910 2833 967 2907 τῆς
990 2825 1038 2900 είς
1060 2829 1142 2904 τοὺς
1154 2843 1180 2884 ιε

122 2931 289 3016 ἀδελφοὺς
305 2931 512 3014 παρανομίας
529 2927 651 3011 ποινὴν
670 2924 791 3005 ἐξέτισε
809 2926 864 2993 καί
886 2941 954 2994 τῶν
978 2930 1025 3006 είς
1044 2935 1141 2996 Σικι-

122 3042 218 3120 μίτας
235 3038 324 3125 αὐτῷ
344 3030 604 3118 τετολμημένων.
651 3035 780 3111 τούτοις
802 3030 840 3099 δὲ
861 3036 943 3100 κατά
967 3036 1028 3119 τὴν
1049 3032 1141 3102 Ἰωα-

122 3144 235 3227 θάμου
258 3145 415 3228 μαντείαν
438 3140 458 3224 ἡ
483 3140 639 3224 συμφορὰ
663 3138 830 3206 συνέπεσε.
875 3143 913 3206 τὸ
936 3140 1050 3225 μέντοι
1075 3145 1141 3208 σὺν

118 3245 316 3337 Ἀβιμελέχςο
336 3247 531 3334 στράτευμα,
554 3249 714 3323 πεσόντος
732 3246 836 3313 αὐτοῦ
860 3245 1058 3333 σκεδασθέν,
1081 3248 1141 3314 άν-

121 3354 288 3439 εχύρησεν
311 3352 365 3419 ἐπὶ
387 3354 427 3418 τά
450 3355 563 3418 οίκεία.
1151 3373 1179 3412 οο

194 3479 208 3541 ς
227 3480 279 3529 ιιο
295 3501 328 3521 =
344 3473 431 3529 ludio.
450 3473 488 3527 lx
506 3477 549 3527 48.
