2460 3848
95 129 160 195 208
463 129 736 182 εεειιοεοοιεε

93 303 161 357 τῶν
194 287 231 356 ὑὲ
263 293 439 377 φρονίμων
470 292 502 355 εί
527 290 728 376 πραγμάτων
750 286 1025 376 ζάπαλλαγείησαν
1055 286 1110 353 καί

94 407 248 485 ταραχῆς·
273 395 426 463 ἐδέδισαν
444 398 507 483 γάρ
527 398 571 481 μῆ
589 405 647 481 τῆς
665 396 810 472 στάσεως
827 396 1009 480 προϊούσης
1027 393 1112 479 ἀφα-

96 511 198 590 νισθῆ
218 508 346 588 μᾶλλον
364 503 477 580 αύτοίς
495 503 513 568 ό
533 506 655 587 κόσμος
677 511 734 585 τῆς
756 503 990 576 καταστάσεως.
1023 500 1112 584 <37>

97 607 177 678 ὑὺέ
205 619 268 686 πᾶς
295 609 410 693 ὅμιλος
436 609 536 694 φύσει
564 612 689 694 χαίρων
716 616 762 696 τῷ
790 611 957 692 καταβοᾶν
984 617 1052 672 τών
1076 605 1112 672 ἐν

96 716 200 801 τέλει,
231 713 287 781 καὶ
314 717 397 801 πρὸς
426 715 444 780 ὑ
473 738 522 792 τις
549 721 636 780 είποι
664 717 747 801 πρὸς
768 725 866 780 τοῦτο
890 716 951 798 τῆν
973 715 1136 797 γνώμηνῡ

96 822 238 909 τρέπων,
260 820 427 907 ἐθορύβει.
472 823 603 906 πέμψας
621 817 658 886 ὑλ
680 819 736 885 καὶ
754 824 903 903 Μωυσῆς
925 821 1008 905 πρὸς
1026 816 1114 902 Ἀβί-

98 954 205 1018 ραμον
227 927 282 994 καὶ
305 927 496 1012 Δαθάμνην
518 925 696 1012 ὑπηρέτας,
720 924 892 992 ἐκέλευσεν
914 926 1008 1009 ἥκειν
1031 926 1114 990 κατὰ

96 1038 136 1101 τὰ
165 1038 362 1119 συγκείμενα
389 1031 445 1099 καὶ
473 1030 663 1119 περιμένειν
689 1034 751 1117 τῆν
780 1033 980 1118 ἱερουργίαν.
1025 1031 1114 1115 <38>

96 1143 142 1218 ώς
174 1137 205 1206 θ’
237 1137 307 1206 οὔτ’
338 1139 591 1206 ὑπακούσεσθαι
620 1149 691 1216 τοῖς
717 1137 869 1222 ἀγγέλοις
898 1140 1026 1222 ἔφασαν
1059 1136 1115 1203 καὶ

97 1252 250 1329 Μωυσῆν
282 1247 323 1312 ού
355 1248 575 1332 περιόψεσθαι
607 1245 689 1311 κατὰ
721 1255 781 1311 τοῦ
813 1249 897 1310 λαοῦ
924 1246 1048 1320 παντὸς
1079 1243 1115 1309 ἐκ
1127 1259 1150 1299 10

98 1355 297 1439 κακουργίας
329 1350 576 1436 αὐξανόμενον,
609 1350 753 1428 ἀκούσας
780 1352 820 1415 τά
847 1346 924 1436 παρ’
956 1350 1068 1416 αύτών
1096 1351 1113 1416 ὁ

82 1463 264 1544 Μωυσῆς,
291 1459 492 1524 ἀκολουθεῖν
520 1458 609 1546 αὑτῷ
633 1461 711 1536 τοὺς
740 1459 951 1543 προβούλους
974 1455 1115 1535 ἀξιώσας

99 1563 198 1652 ἀπῄει
219 1568 302 1651 πρὸς
319 1569 397 1643 τοὺς
419 1563 493 1651 περὶ
513 1565 715 1649 Δαθάμνην,
739 1565 798 1651 οὐχ
820 1564 1006 1648 ῆγούμενος
1028 1559 1115 1628 εἶναι

101 1674 214 1738 δεινὸν
244 1673 391 1756 βαδίζειν
422 1673 504 1757 πρὸς
535 1674 614 1748 τοὺς
644 1671 971 1757 ὑπερηφανήσαντας.
1017 1673 1052 1735 οἳ
1078 1665 1109 1733 θ’

101 1773 202 1844 οὐδὲν
225 1776 433 1852 ἀντειπόντες
455 1777 678 1860 ῆκολούθουν.
723 1777 810 1862 <39>
835 1778 870 1842 οί
891 1772 927 1841 ὑλ
950 1773 1026 1860 περὶ
1045 1780 1152 1840 Aac-1⁵

99 1884 235 1967 θάμνην
261 1885 449 1966 πυθόμενοι
478 1884 538 1948 τὸν
561 1886 716 1968 Μωυσῆν
739 1883 819 1967 μετὰ
841 1893 909 1948 τῶν
931 1880 1116 1965 ἀξιολόγων

100 1998 158 2074 τῆς
179 1990 331 2073 πληθύος
348 1990 431 2074 πρὸς
449 1988 570 2066 αύτούς
588 1992 870 2075 παραγενόμενον,
893 1991 1117 2075 προελθόντες

102 2095 254 2181 γυναιξὶν
278 2097 343 2180 άμα
365 2094 420 2161 καὶ
439 2093 567 2172 τέκνοις
585 2098 649 2181 πρὸ
672 2106 739 2161 τῶν
763 2106 906 2180 σκηνῶν,
930 2092 1116 2178 ἀπέβλεπον

101 2208 137 2268 τί
151 2202 206 2268 καὶ
221 2201 335 2287 μέλλοι
349 2213 459 2268 ποιεῖν
473 2203 491 2268 ό
505 2205 664 2285 Μωυσῆς.
706 2203 741 2268 οἵ
756 2225 790 2266 τε
808 2201 1012 2288 θεράποντες
1030 2196 1117 2284 ἦσαν

102 2308 178 2395 περὶ
201 2310 322 2387 αὐτοὺς
344 2310 389 2387 ὡς
411 2311 442 2373 εί
463 2312 541 2392 βίαν
562 2310 638 2374 τινά
660 2307 844 2393 προσφέροι
861 2311 1011 2391 Μωυσῆς
1033 2305 1117 2392 ἀμυ-
1130 2320 1154 2361 2⁰

102 2417 269 2499 νούμενοι.

66 2534 83 2582 2
169 2520 256 2603 <40>
280 2519 298 2584 ὃ
323 2516 360 2584 ὑὲ
388 2523 529 2604 πλησίον
552 2522 745 2603 γενόμενος,
775 2520 832 2595 τάς
854 2532 966 2605 χεῖρας
987 2521 1036 2595 είς
1057 2522 1118 2585 τὸν

18 2687 23 2698 ,
102 2623 249 2707 οὐρανὸν
263 2623 430 2710 ἀνασχών,
452 2624 603 2708 γεγωνὸν
618 2623 779 2708 ἐκβοήσας
792 2625 837 2702 ὡς
850 2624 1014 2691 ἀκουστὸν
1028 2625 1117 2712 πάση

102 2736 140 2814 τῆ
167 2730 297 2813 πληθύι·
322 2727 495 2814 γενέσθαι,
524 2728 699 2796 “ὑέσποτα’
722 2734 808 2816 φησί
828 2730 910 2796 ρτών
940 2728 989 2797 ἐπ’
1017 2731 1118 2818 ούρα-

102 2845 165 2901 νοῦ
188 2858 221 2901 τε
250 2832 304 2900 καὶ
331 2844 391 2919 γῆς
412 2833 468 2901 καὶ
495 2837 677 2922 θαλάττης,
705 2834 761 2924 (σὺ
785 2839 848 2924 γάρ
872 2837 944 2923 ἐμοὶ
968 2849 1034 2904 τών
1057 2835 1113 2904 ὑπ’
1132 2849 1157 2891 2⁵

103 2941 185 3026 ἐμοῦ
217 2943 458 3027 πεπραγμένων
490 2942 614 3029 μάρτυς
645 2942 903 3027 ἀξιολογώτατος
930 2944 975 3021 ὡς
1001 2945 1118 3032 γνώμη

103 3057 142 3133 τῆ
167 3058 208 3134 σῆ
231 3052 357 3132 γίνεται
385 3049 424 3112 τὰ
451 3049 574 3133 πάντα,
602 3049 867 3136 κάπορουμένοις
893 3052 1045 3135 μηχανὴν
1069 3050 1120 3129 έξ-

104 3156 274 3239 επόρισας,
303 3148 415 3219 οἶκτον
443 3152 480 3219 ἐν
503 3164 583 3227 πᾶσι
612 3157 736 3232 δεινοῖς
753 3152 917 3242 Ἑβραίων
939 3155 1119 3240 ποιησάμε-

103 3259 175 3344 νος)
204 3257 286 3324 ἐλθί
311 3283 368 3343 μοι
394 3259 523 3325 τούτων
551 3259 713 3345 ἀκροατῆς
739 3272 805 3327 τών
829 3265 948 3345 λόγων.
995 3258 1031 3327 σὲ
1054 3264 1118 3349 γάρ

104 3365 179 3431 ούτε
198 3368 425 3452 πραττόμενον
443 3366 520 3432 οὔτε
538 3363 665 3451 νοηθὲν
685 3363 818 3455 (οὐθέν)
838 3368 1010 3450 λανθάνει,
1029 3369 1118 3453 <41>
1134 3386 1161 3425 ³0

158 3493 177 3554 §
195 3488 387 3548 37=Num.
407 3487 474 3546 XVI
494 3493 536 3546 12.
