2460 3848
120 158 162 220 14
490 152 764 206 ΑΡΧΑΙοΛοΓωΣ

119 317 174 384 καλ
203 318 324 383 αὐτόθι
353 325 494 381 ποιεῖται
524 316 585 398 τήν
614 316 824 396 κατοίκησιν,
856 309 929 378 ἐνθ’
961 312 1049 401 αὐτῷ
1078 313 1134 378 καλ

118 428 233 501 παῖδες
266 422 428 507 ἐγένοντο.
475 421 536 487 οὐκ
566 419 620 486 ἐπὶ
649 422 812 507 νουθεσίᾳ
842 416 879 484 δὲ
906 421 967 503 τήν
994 423 1133 487 κόλασιν

120 534 238 614 ἔλαβεν
256 526 328 595 ἀλλ’
348 525 398 594 ἐπ’
417 526 552 611 αὐξήσει
571 536 627 610 τῆς
645 531 769 610 κακίας,
792 525 920 610 ἡδονήν
939 523 1001 610 μὲν
1023 536 1134 593 πᾶσαν

121 636 299 722 ἐκπορίζων
331 634 434 701 αὑτοῦ
463 643 508 723 τῷ
538 635 683 718 σώματι,
714 632 777 699 κάν
805 629 880 717 μεθ’
911 632 1040 717 ὑβρεως
1067 645 1134 699 τῶν

120 744 291 807 συνόντων
311 739 369 827 δέη
388 742 510 824 ταύτην
534 743 632 826 ἔχειν,
656 740 743 824 <61>
763 739 873 817 αὑξων
896 736 934 803 δὲ
957 741 1014 805 τὸν
1039 734 1133 806 οἷκον
1160 759 1173 798 ⁵

119 850 241 931 πλήθει
268 847 444 933 χρημάτων
472 846 504 925 ἐξ
533 846 680 932 ἁρπαγῆς
706 845 762 912 καὶ
784 850 873 930 βίας,
900 848 983 933 πρὸς
1005 845 1134 930 ἡδονήν

119 952 175 1019 καὶ
198 958 352 1040 λῃστείαν
374 957 452 1030 τοὺς
470 953 731 1039 ἐντυγχάνοντας
753 958 953 1037 παρακαλῶν
977 953 1134 1017 διδάσκα-

120 1066 177 1137 λος
199 1060 311 1137 αὐτοῖς
332 1072 489 1147 πονηρῶν
512 1061 658 1146 ὑπῆρχεν
682 1060 958 1143 ἐπιτηδευμάτων.
995 1057 1050 1123 καλ
1073 1060 1134 1143 τήν

121 1167 380 1252 ἀπραγμοσύνην
412 1165 491 1250 μέν,
523 1161 544 1252 ᾖ
576 1171 739 1252 πρότερον
769 1164 915 1246 συνέζων
947 1167 1134 1251 ἀνθρωττοι,

120 1272 249 1361 μέτρων
280 1274 409 1360 ἐπινοίᾳ
437 1272 492 1338 καὶ
523 1280 681 1358 σταθμῶν
711 1276 946 1357 μετεστήσατο,
977 1270 1133 1358 ἀκέραιον
1149 1293 1175 1332 10

121 1380 232 1456 αὐτοῖς
260 1381 340 1445 όντα
368 1383 427 1446 τὸν
453 1383 530 1464 βίον
558 1380 594 1446 ἐκ
617 1390 675 1464 τῆς
700 1380 828 1445 τούτων
851 1378 996 1463 ἀμαθίας
1019 1377 1134 1444 καὶτὸ

120 1490 352 1572 μεγαλόψυχον
376 1489 423 1563 είς
445 1490 652 1573 πανουργίαν
674 1487 892 1572 περιαγαγών.
930 1485 1017 1568 <62>
1035 1485 1136 1571 ὅρους

120 1616 154 1657 τε
178 1602 237 1677 γῆς
259 1605 388 1678 πρῶτος
411 1597 519 1678 ἔθετο,
541 1592 595 1659 καὶ
618 1596 717 1658 πόλιν
741 1592 892 1676 ἐδείματο
916 1590 970 1657 καὶ
993 1595 1134 1676 τείχεσιν

121 1699 298 1786 ὠχύρωσεν
305 1748 315 1783 ,
337 1702 384 1776 είς
397 1700 497 1765 ταὺτὸ
512 1704 690 1764 συνελθεῖν
709 1701 787 1775 τοὺς
809 1700 951 1774 οἰκείους
973 1720 1135 1781 καταναγ-

120 1806 231 1882 κάσας.
271 1804 326 1871 καὶ
354 1808 414 1889 τήν
440 1809 539 1871 πόλιν
568 1803 605 1870 δὲ
636 1807 759 1888 ταύτην
791 1804 854 1869 ἀπὸ
880 1800 1044 1889 Ἀνώχου,
1073 1813 1134 1868 τοῦ
1149 1822 1174 1862 15

120 1911 347 1993 πρεσβυτάτου
370 1912 499 1994 παιδός,
519 1907 666 1996 Ἀυώχαυ
685 1910 847 1976 ἐκάλεσεν.
885 1909 971 1992 <63>
988 1906 1134 1994 Ἀνώχου

121 2012 158 2080 δὲ
178 2012 323 2102 Ἰαρέδης
336 2018 409 2093 υίὸς
422 2013 477 2101 ήν·
502 2016 538 2081 ἐκ
557 2013 594 2081 δὲ
613 2018 732 2083 τούτου
750 2017 965 2102 Μαρούηλος,
988 2010 1028 2080 οὗ
1046 2019 1134 2097 γίνε-

119 2147 172 2189 ται
207 2136 284 2201 παῖς
314 2126 558 2201 Μαθουσάλας·
596 2134 655 2189 τοῦ
688 2120 725 2188 δὲ
753 2123 924 2208 Λάμεχος,
961 2115 987 2210 ᾧ
1019 2123 1135 2199 παῖδες

119 2231 269 2318 ὑπῆρξαν
289 2228 368 2296 ἑπτά
387 2229 442 2295 καλ
461 2228 699 2315 ἑβδομήκοντα,
723 2229 758 2294 ἐκ
777 2231 839 2295 δύο
858 2240 1025 2312 γυναικῶν
1044 2229 1133 2316 αὐτῷ

120 2338 254 2420 φύντες,
273 2342 401 2414 Σελλᾶς
419 2335 474 2401 καὶ
494 2334 598 2412 Ἁδάς.
636 2336 723 2419 <64>
743 2337 870 2400 τούτων
891 2332 1044 2419 Ἰώβηλος
1062 2333 1135 2419 με’ν,
1149 2353 1175 2393 2⁰

122 2441 154 2519 ἐξ
183 2439 280 2518 Ἀδᾶς
311 2444 476 2525 γεγονώς,
509 2442 631 2525 σκηνάς
668 2440 806 2525 ἐπήξατο
843 2440 898 2506 καὶ
934 2444 1134 2528 προβατείαν

121 2547 304 2631 ἠγάπησεν,
328 2545 497 2631 Ἰούβαλος
520 2543 572 2630 δέ,
596 2547 793 2631 ὁμομήτριος
816 2548 863 2613 ῶν
887 2547 992 2636 αὑτῶ,
1019 2563 1134 2631 μουσι-

121 2655 183 2736 κήν
200 2655 323 2737 ήσκησε
341 2652 396 2718 καλ
414 2657 578 2738 ψαλτήρια
597 2651 651 2718 καὶ
669 2655 810 2740 κιθάρας
829 2653 994 2738 ἐπενόησε.
1032 2657 1134 2737 Θόβε-

121 2767 178 2838 λος
207 2758 245 2825 δέ
274 2773 341 2826 τῶν
374 2761 409 2826 ἐκ
437 2770 494 2845 τῆς
522 2759 632 2845 ἐτέρας
661 2765 867 2844 γεγονότων,
900 2762 991 2845 ἰσχύι·
1011 2761 1135 2836 πάντας

120 2869 351 2955 ὑπερβάλλων,
374 2869 413 2932 τά
426 2869 586 2951 πολεμικά
601 2870 787 2952 διαπρεπῶς
805 2872 981 2951 μετῆλθεν,
1005 2866 1041 2932 ἐκ
1058 2868 1134 2932 τού-
1148 2883 1174 2924 25

121 3001 188 3043 των
211 2974 264 3041 καλ
288 2976 327 3040 τά
350 2977 433 3059 πρὸς
450 2975 578 3058 ἡδονήν
601 2975 828 3058 τοῦσώματος
851 2973 1032 3060 ἐκπορίζων
1057 2979 1134 3059 χαλ-

121 3087 214 3148 κείαν
237 3105 270 3146 τε
294 3093 422 3166 πρῶτος
450 3079 615 3163 ἐπενόησε.
661 3082 747 3163 <6ὑ>
770 3083 876 3167 πατήρ
907 3077 944 3145 δὲ
967 3082 1136 3164 θυγατρὸς

121 3190 299 3270 γενόμενος
313 3188 465 3272 Λάμεχος
478 3191 612 3272 Νοεμᾶς
635 3189 751 3272 ὄνομα,
775 3186 845 3253 ἐπεὶ
863 3189 902 3251 τὰ
920 3194 999 3252 θεία
1022 3197 1135 3270 σαφῶς

122 3294 371 3376 ἐξεπιστάμενος
395 3291 481 3378 ἐώρα
505 3295 602 3377 δίκην
625 3292 743 3360 ἑαυτὸν
765 3293 929 3378 ὑφεῖοντα
951 3303 1008 3376 τῆς
1031 3293 1135 3367 Κάίος

122 3400 401 3483 ἀδελφοκτονίας,
438 3409 535 3465 τοῦτο
568 3412 637 3478 ταῖς
669 3397 789 3466 ἑαυτοῦ
821 3398 973 3483 γυναιξὶν
1003 3399 1135 3482 ἐποίησε
1149 3416 1176 3455 ³⁰

195 3520 515 3588 §60=Gen.lv17.
