2460 3848
104 138 169 204 158
470 140 744 193 APXAJOAorlAz

102 324 134 367 τι
157 303 301 387 χρηστὸν
322 299 398 386 περὶ
420 300 573 384 τάνδρός,
597 302 673 366 ούτε
696 302 740 386 μή
765 305 942 365 λυπεῖσθαι
965 296 1023 363 καλ
1046 323 1125 364 κατ-

102 418 202 494 ηφείν
219 407 397 492 ήδύναντο.
417 408 455 472 τὸ
471 403 509 472 δὲ
530 407 754 491 στρατόπεδον
773 405 834 472 οὐκ
853 404 1025 490 ἐθάρρουν
1047 429 1124 488 μετ-

103 515 209 598 άγειν,
231 509 396 590 Μωυσέος
418 512 539 589 αὐτοὺς
561 510 630 578 έκεί
649 509 853 598 παραμένειν
874 514 1123 597 προειρηκότος.

67 639 84 687 8
171 619 259 702 <99>
287 619 353 701 ήδη
382 613 420 682 δὲ
445 616 684 702 τετταράκοντα
712 618 844 704 ἡμερῶν
872 617 1123 700 διεληλυθυιῶν

103 721 158 789 καὶ
179 724 349 789 τοσούτων
373 734 516 806 νυκτῶν,
538 733 648 810 παρῆν
667 723 807 799 οὐδενὸς
829 726 936 788 σιτίου
959 733 1028 787 τῶν
1051 734 1146 800 τοῖςι

103 828 295 914 ἀνθρώποις
324 827 575 914 νενομισμένων
609 828 815 914 γεγευμένος.
866 837 968 915 χαρᾶς
999 824 1031 892 δ’
1069 827 1122 893 ε’ν-

103 933 223 1017 έπλησε
242 936 302 1019 τήν
321 935 478 1020 στρατιὰν
497 934 678 1020 ἐπιφανείς,
700 931 756 999 καλ
773 936 835 1019 τήν
853 944 913 1001 τοῦ
931 940 1016 999 θεοῦ
1040 937 1122 1020 πρό-

103 1063 200 1106 νοιαν
226 1040 269 1123 ἣν
295 1035 362 1126 εἶχε
389 1038 465 1125 περὶ
493 1039 603 1106 αὐτῶν
631 1039 822 1124 ἀπεδήλου,
853 1043 913 1106 τόν
935 1062 970 1105 τε
992 1042 1121 1126 τρόπον

103 1143 181 1210 καθ’
217 1145 257 1211 δν
288 1145 571 1230 εὐδαιμονήσουσι
606 1148 858 1230 πολιτευόμενοι
890 1143 997 1228 λέγων
1029 1145 1120 1232 αὐτῷ

103 1253 184 1316 κατά
206 1252 326 1329 ταύτας
343 1248 534 1318 ὑποθέσθαι
555 1253 612 1328 τάς
634 1248 767 1336 ἡμέρας,
790 1251 898 1333 (100)
917 1247 973 1315 καὶ
991 1252 1120 1334 σκηνήν
1135 1276 1157 1314 ιο

104 1357 155 1424 ότι
177 1358 331 1440 βούλεται
361 1355 518 1441 γενέσθαι
541 1357 647 1444 αύτῷ,
673 1359 721 1434 είς
742 1356 786 1439 ήν
808 1357 933 1422 κάτεισι
954 1358 1039 1443 πρὸς
1062 1357 1120 1421 αῦ-

103 1466 182 1540 τοδς
202 1467 478 1551 παραγινόμενος,
500 1463 604 1540 “ὅπως
621 1461 676 1528 καὶ
699 1465 950 1547 μεταβαίνοντες
973 1460 1120 1548 ἀλλαχοῦ

104 1570 226 1653 ταύτην
259 1569 477 1654 ἐπαγώμεθα,
508 1566 564 1634 καλ
591 1567 705 1654 μηκέτι
732 1570 885 1653 δεώμεθα
913 1576 971 1651 τῆς
1001 1565 1055 1632 ἐπὶ
1083 1571 1120 1634 τὸ

104 1681 246 1742 Σιναῖον
264 1674 404 1759 ἀνόδου,
425 1672 497 1741 ἀλλ’
520 1675 619 1753 αὐτὸς
637 1674 816 1760 ἐπιφοιτῶν
835 1683 873 1759 τῇ
893 1682 996 1758 σκηνή
1014 1695 1125 1769 παρα-ι

103 1780 250 1867 τυγχάνη
267 1791 339 1856 ταίς
355 1778 527 1867 ἡμετέραις
549 1780 668 1867 εὐχαῖς.
714 1781 823 1865 <101>
845 1784 1018 1865 γενήσεται
1037 1777 1071 1845 δ’
1098 1781 1158 1864 ήιι

104 1887 209 1969 σκηνή
236 1883 367 1971 μέτροις
393 1909 427 1950 τε
457 1884 513 1951 καὶ
535 1895 718 1972 κατασκευῇ
742 1878 791 1964 οἷς
814 1885 913 1963 αὐτὸς
935 1883 1121 1971 ὑπέδειξεν,

102 1993 198 2077 ὑμῶν
230 1991 358 2069 ἀόκνως
389 1990 534 2077 έχόντων
565 1995 648 2079 πρὸς
679 1987 849 2078 τοῦργον.’
894 1989 987 2058 ταῦτ’
1014 1994 1120 2059 είπὼν

104 2100 166 2166 δύο
193 2098 319 2177 πλάκας
346 2097 458 2176 αὐτοῖς
486 2098 726 2184 ἐπιδείκνυσιν,
753 2096 1018 2184 ἐγγεγραμμένας
1040 2103 1121 2176 τοὺς

104 2205 183 2272 δέκα
211 2209 349 2291 λόγους,
378 2205 415 2271 έν
444 2204 580 2293 ἑκατέρᾳ
607 2203 713 2272 πέντε.
757 2203 813 2270 καλ
840 2202 912 2290 χεὶρ
935 2200 978 2288 ἦν
1001 2202 1055 2269 ἐπὶ
1079 2214 1118 2290 τῇ

103 2322 213 2398 γραφῇ
237 2323 297 2380 τοῦ
319 2319 413 2378 θεοῦ.
1132 2333 1158 2373 ιο

69 2419 89 2480 6
171 2420 281 2500 <102>
300 2421 336 2483 οἳ
352 2414 389 2482 δὲ
402 2421 573 2502 χαίροντες
590 2409 641 2494 οἷς
661 2415 697 2482 θ’
716 2417 829 2500 ἑώρων
851 2415 906 2482 καὶ
925 2408 975 2494 οἷς
991 2419 1119 2500 ήκουον

102 2531 163 2586 τοῦ
187 2531 381 2607 στρατηγοῦ,
405 2530 463 2604 τῆς
480 2523 561 2588 κατὰ
585 2524 729 2607 δύναμιν
752 2524 862 2589 αὐτῶν
886 2524 1033 2605 σπουδῆς
1056 2523 1119 2589 οὐκ

103 2624 337 2710 ἀπελείποντο,
366 2625 438 2692 ἀλλ’
465 2626 637 2713 εἰσέφερον
666 2629 813 2715 άργυρόν
842 2652 876 2694 τε
904 2626 960 2694 καὶ
990 2632 1119 2714 χρυσὸν

102 2729 158 2797 καλ
175 2734 310 2817 χαλκόν,
333 2730 414 2810 ξύλα
432 2756 466 2798 τε
484 2743 542 2817 τῆς
558 2737 732 2819 καλλίστης
750 2735 832 2819 ὕλης
849 2733 904 2800 καλ
923 2732 1027 2819 μηδὲν
1050 2734 1117 2802 ὑπὸ

104 2841 233 2923 σήψεως
250 2844 374 2904 παθεῖν
393 2839 574 2924 δυνάμενα,
596 2841 742 2923 αίγείους
759 2864 794 2906 τε
812 2845 924 2927 τρίχας
941 2839 996 2907 καλ
1015 2843 1118 2927 δοράς
1131 2859 1157 2901 ω

102 2945 300 3032 προβάτων,
331 2942 387 3010 καλ
405 2946 471 3027 ντοὶς
496 2941 557 3030 μέν
583 2945 735 3036 ὑακίνθῳ
762 2945 969 3032 βεβαμμένας
992 2948 1049 3024 τάς
1079 2945 1118 3013 δὲ

102 3056 242 3137 φοίνικι·
267 3047 353 3118 αἳδὲ
370 3053 544 3138 πορφύρας
560 3055 678 3138 άνθος,
700 3053 807 3139 ἕτεραι
830 3050 867 3118 δὲ
889 3055 1012 3138 λευκήν
1033 3076 1118 3138 παρ.-

102 3167 196 3241 είχον
222 3160 283 3241 τήν
314 3160 428 3245 χρόαν.
472 3158 582 3242 <103>
611 3160 683 3246 έριά
708 3182 744 3224 τε
773 3169 842 3236 τοίς
863 3156 1117 3244 προειρημένοις

99 3263 223 3328 άνθεσι
241 3259 471 3348 μεμολυσμένα
490 3262 545 3330 καλ
563 3268 659 3331 λίνου
682 3265 820 3360 βύσσον,
843 3269 961 3340 λίθους
982 3288 1016 3329 τε
1039 3265 1117 3330 τού-

174 3401 394 3468 ςοο-Ειοᾱ.
412 3402 490 3459 xxv
508 3407 540 3469 ις
558 3401 663 3458 xxxss
682 3408 723 3457 ιο.
780 3401 1117 3467 5101=Exod.xxx1

86 3495 140 3555 18,·
156 3490 272 3547 XXXII
286 3499 329 3551 16.
401 3499 417 3566 β
437 3498 489 3552 102
505 3491 642 3550 =E10d.
663 3489 765 3547 XXXV
785 3494 817 3555 δ’,
833 3489 871 3543 οἳ.
886 3490 978 3542 Em&
992 3490 1070 3543 m
1089 3498 1118 3546 2.
