2460 3848
102 157 168 222 128
471 154 745 207 APmOAomz

101 342 137 385 τε
160 314 215 384 καί
238 317 535 401 ἀποθνησκόντων,
558 315 615 391 τάς
633 336 668 383 τε
685 310 756 380 κατ’
783 309 877 380 οἰκον
900 312 1013 381 αὐτῶν
1037 316 1127 381 διαί-

102 450 160 503 τας
182 426 345 509 ήφάνιζον
368 424 405 490 ἐν
427 429 569 510 βρωτοῖς
596 424 829 508 εὑρισκόμενοι
850 420 905 488 καί
927 432 1046 500 ποτοῖς
1069 421 1127 488 καί

102 542 174 608 ταῖς
195 531 308 607 εὐναῖς
331 531 441 597 αὐτῶν
464 530 731 615 ἐπιπολάζοντες,
760 530 846 615 ὀσμή
870 552 904 595 τε
927 529 1057 614 χαλεπή
1081 524 1125 612 ήν

103 636 158 703 καί
177 638 331 721 δυσώδης
349 636 663 721 [ἀποθνησκόντων]
683 649 750 704 τῶν
768 637 943 722 βατράχων
960 632 1018 700 καί
1044 636 1127 714 ζών-

102 766 170 808 των
199 740 254 808 καὶ
287 741 553 829 διεφθαρμένων.
598 744 708 829 <298>
735 743 801 810 ὑπὸ
829 739 867 808 δὲ
895 742 1025 808 τούτων
1057 753 1149 807 τωνῠ

102 858 215 913 κακῶν
233 847 466 933 ἐλαυνομένων
485 860 551 915 τῶν
566 852 772 934 Αἰγυπτίων,
793 852 853 916 τὸν
874 852 1030 932 Μωυσῆν
1056 847 1126 914 ἐκέ-

102 959 221 1019 λευσεν
253 956 272 1020 δ
296 957 451 1038 βασιλεὺς
478 961 630 1040 οἰχεσθαι
656 958 735 1032 τοὺς
761 952 937 1041 Ἑβραίους
965 957 1125 1038 λαβόντα.

102 1069 298 1147 παραχρῆμα
321 1058 410 1127 τοῦτ’
437 1063 587 1138 εἰπόντος
609 1061 772 1146 ἠφάνιστο
795 1072 862 1126 τῶν
885 1060 1064 1145 βατράχων
1088 1063 1124 1126 τὸ

103 1171 234 1251 πλῆθος
255 1166 311 1231 καὶ
332 1168 353 1250 ή
377 1190 411 1232 τε
435 1177 476 1250 γῆ
499 1165 554 1232 καί
577 1167 595 1234 δ
618 1169 764 1251 ποταμὸς
789 1169 836 1245 εἰς
858 1168 920 1250 τήν
944 1167 1035 1232 ἰδίαν
1059 1169 1125 1252 φό

104 1290 159 1338 σιν
186 1272 397 1355 κατέστησαν.
443 1273 554 1356 <299>
585 1275 775 1359 Φαραώθης
804 1273 862 1356 δέ,
898 1274 965 1357 ἅμα
995 1281 1058 1340 τοῦ
1088 1297 1124 1338 τε
1136 1287 1159 1326 1⁰

102 1379 234 1456 πάθους
263 1378 450 1464 ἀπήλλακτο
480 1379 500 1462 ῆ
529 1388 591 1463 γῆ,
622 1377 677 1444 καὶ
704 1389 761 1463 τῆς
788 1382 893 1456 αἰτίας
921 1376 1123 1463 ἐπελέληστο

102 1483 157 1550 καί
175 1488 254 1562 τοὺς
266 1483 440 1571 Ἑβραίους
458 1495 597 1570 κατεῖχε,
619 1483 674 1550 καί
693 1486 803 1570 ὥσπερ
820 1487 988 1551 πλειόνων
1011 1492 1123 1570 παθη-

103 1592 216 1675 μάτων
248 1593 366 1676 φόσεις
396 1593 600 1674 βουλόμενος
631 1597 754 1674 μαθεῖν
786 1586 892 1657 οὐκέτ’
926 1591 1020 1674 ήφίει
1051 1603 1124 1669 τοῖς

102 1696 176 1783 περὶ
200 1700 260 1764 τὸν
281 1701 436 1780 Μωυσῆν
463 1694 605 1780 ἐξιέναι,
636 1699 732 1785 φόβφ
760 1701 888 1781 μᾶλλον
911 1696 932 1780 ή
955 1701 1123 1783 φρονήσει

103 1805 226 1888 ταύτην
250 1803 362 1879 αὐτοῖς
384 1801 577 1888 ἐπιτρέπων.
1136 1819 1158 1861 1⁵

67 1928 84 1977 3
170 1910 280 1992 <300>
302 1909 402 1974 πάλιν
421 1903 484 1975 οὖν
503 1910 607 1974 άλλου
625 1919 729 1974 κακοῦ
751 1911 921 1994 προσβολῇ
945 1905 1060 1994 μετῄει
1083 1914 1122 1978 τὸ

101 2021 200 2081 θεῖον
214 2015 317 2082 αὐτοῦ
331 2017 393 2100 τήν
411 2015 547 2098 ἀπάτην.
588 2021 740 2101 φθειρῶν
759 2016 822 2100 γάρ
840 2025 910 2091 τοῖς
922 2016 1123 2098 Αἰγυπτίοις

102 2121 289 2208 ἐξήνθησεν
316 2125 453 2209 άπειρόν
480 2146 511 2188 τι
540 2127 670 2205 πλῆθος
696 2123 839 2187 ἔνδοθεν
862 2120 1123 2208 ἀναδιδόμενον,

103 2226 162 2314 ὑφ’
190 2225 238 2295 ὧν
265 2228 361 2296 κακοὶ
389 2241 497 2307 κακῶς
519 2228 730 2312 ἀπώλλυντο,
757 2232 837 2313 μήτε
861 2234 1015 2312 λουτροῖς
1039 2233 1123 2313 μήτε

102 2339 230 2420 χρίσεσι
260 2335 444 2421 φαρμάκων
474 2337 667 2420 διαφθεῖραι
695 2337 731 2401 τὸ
759 2332 856 2418 γένος
883 2334 994 2401 αὐτῶν
1018 2337 1122 2401 δυνά·
1136 2354 1160 2393 20

102 2464 206 2525 μενοι.
252 2442 362 2525 <301>
384 2439 439 2505 καὶ
461 2443 544 2524 πρὸς
563 2451 661 2506 τοῦτο
684 2444 721 2508 τὸ
745 2443 858 2507 δεινὸν
882 2441 900 2508 ὁ
924 2450 990 2506 τῶν
1013 2443 1122 2523 Αἰγυ-

101 2549 207 2609 πτίων
220 2549 375 2629 βασιλεὺς
388 2550 576 2632 ταραχθείς,
598 2546 653 2612 καὶ
668 2549 778 2625 δείσας
796 2548 881 2632 ὁμοῦ
895 2549 954 2614 τὸν
973 2548 1121 2632 ὄλεθρον

102 2659 162 2714 τοῦ
185 2655 284 2733 λαοῦ,
311 2649 366 2716 καὶ
389 2652 450 2735 τήν
473 2653 634 2736 αἰσχύνην
665 2649 701 2717 δὲ
724 2663 781 2736 τῆς
799 2652 962 2729 άπωλείας
984 2655 1121 2735 λογισά-

102 2779 212 2842 μενος,
235 2754 268 2834 ἐξ
291 2757 432 2840 ἡμίσους
453 2756 518 2824 ὑπὸ
537 2761 743 2843 φαυλότητος
764 2759 962 2843 ἠναγκάζετο
986 2777 1120 2846 σωφρο-

101 2875 188 2931 νεῖν·
211 2863 321 2949 <302>
340 2874 409 2942 τοῖς
432 2861 493 2950 μὲν
516 2867 579 2950 γάρ
598 2863 763 2952 Ἑβραίοις
781 2866 893 2943 αὐτοῖς
916 2865 1031 2933 ἐδίδου
1056 2869 1120 2951 τήν
1134 2884 1159 2926 ει

101 2973 246 3056 άφοδον,
268 2970 423 3055 καὶπρὸς
440 2981 537 3037 τοῦτο
555 2983 615 3038 τοῦ
633 2973 764 3048 πάθους
782 2975 997 3058 λωφήσαντος
1019 2971 1120 3039 τέκνα

102 3076 157 3143 καί
181 3089 339 3163 γυναῖκας
361 3078 468 3165 ὅμηρα
486 3087 543 3161 τῆς
560 3079 771 3164 ὑποστροφῆς
794 3077 904 3143 αὐτῶν
926 3083 1120 3144 καταλιπεῖν

102 3182 223 3258 αὐτοὺς
245 3182 349 3266 ήξίου.
394 3183 678 3269 προσεξαγριαίνει
701 3184 743 3266 δή
766 3186 948 3266 τὸνθεόν,
978 3189 1120 3268 νομίσας

101 3286 282 3370 άπατήσειν
305 3289 408 3356 αὐτοῦ
430 3291 491 3374 τήν
512 3292 685 3376 πρόνοιαν,
708 3290 818 3375 ὥσπερ
840 3287 1017 3373 Μωυσέος,
1040 3288 1114 3356 ἀλλ’

102 3392 164 3459 οὐκ
193 3393 343 3480 ἐκείνου,
374 3405 597 3483 τιμωροῦντος
629 3396 690 3479 τήν
720 3401 892 3480 Αἰγοπτον
928 3392 1013 3480 ὑπὲρ
1049 3409 1119 3463 τῶν
1133 3417 1159 3457 ³⁰

155 3522 175 3583 §
193 3520 249 3573 298
264 3545 301 3567 =
314 3516 405 3577 Exod.
429 3518 495 3577 VIII
517 3525 559 3577 13.
