2460 3848
89 161 156 226 232
460 162 732 215 ΔΡΧΔῙΟΛΟΓΙΑΣ

91 335 157 390 τῶν
180 326 325 410 ὄλεθρον
347 324 408 407 τὴν
432 323 588 409 στρατιάν
607 320 779 408 ἐξέπεμψε·
803 320 878 409 περὶ
901 315 948 386 ὧν
972 330 1032 405 τῆς
1058 317 1109 386 ἐπ’

91 431 213 508 αὐτοὺς
236 429 354 508 έξόδου
384 429 463 513 μετά
487 431 605 514 μικρὸν
630 428 897 513 ἀπαγγελοῦμεν,
924 429 1114 513 προδιηγη-

94 538 231 621 σάμενοι
253 545 385 621 πρῶτον
409 533 427 599 δ
449 539 686 620 παρελίπομεν·
715 537 846 601 δίκαιον
868 534 932 620 γάρ
956 529 1011 598 ἐπὶ
1035 535 1117 600 τού·

93 668 152 709 του
171 643 232 726 τὴν
249 649 310 706 τοῦ
328 637 517 724 νομοθέτου
537 641 673 724 γνώμην
692 642 736 726 μη
759 645 941 727 παρελθεῖν
964 634 1126 723 άνεγιιω-Ι

94 752 243 832 μίαστον.
287 747 397 830 <157>
419 749 478 813 τὸν
496 747 559 833 γὰρ
578 747 736 832 Βάλαμον
758 745 1023 833 παραληφθέντα
1047 746 1140 812 imm

94 863 161 918 τών
186 853 406 917 Μαδιανιτῶν
434 852 522 929 ὅπως
545 850 746 938 ἐπαράσηται
768 863 837 929 τοῖς
854 849 1034 938 Ἑβραίοις,
1059 850 1117 918 καὶ

94 967 191 1024 τοῦτο
225 954 287 1042 μέν
315 959 356 1024 οὐ
388 956 578 1042 δυνηθέντα
609 961 688 1045 θείᾳ
715 961 877 1046 προνοίᾳ,
908 960 1048 1043 γνώμην
1082 956 1113 1024 δ’

94 1062 306 1148 ὑποθέμενον
337 1058 358 1150 ᾗ
391 1062 607 1151 χρησαμένων
636 1076 703 1130 τῶν
732 1069 900 1150 πολεμίων
930 1064 1049 1148 ὀλίγου
1080 1068 1118 1132 τὸ

96 1181 162 1236 τῶν
180 1168 345 1257 Ἑβραίων
363 1176 493 1254 πλῆθος
512 1171 678 1257 διεφθάρη
696 1181 766 1249 τοῖς
787 1170 1035 1257 ἐπιτηδεύμασι,
1059 1197 1119 1238 νο-

98 1278 273 1361 σησάντων
310 1278 351 1361 δὴ
383 1288 485 1342 τινῶν
517 1276 592 1363 περὶ
623 1286 746 1361 ταῦτα,
778 1279 927 1362 μεγάλως
959 1277 1119 1363 ἐτίμησεν
1133 1292 1155 1332 1⁰

98 1382 291 1469 ἀναγράψας
305 1384 408 1450 αὐτοῦ
422 1384 479 1460 τάς
492 1387 654 1468 μαντείας.
701 1383 810 1466 <158>
823 1381 879 1462 καὶ
897 1386 1005 1470 παρὸν
1025 1384 1118 1473 αὐτῷ

99 1492 357 1578 σφετερίσασθαι
374 1492 436 1575 την
455 1486 504 1554 ἐπ’
527 1489 639 1566 αὐτοῖς
662 1488 764 1567 δόξαν
786 1488 842 1555 καὶ
865 1489 1120 1576 ἐξιδιώσασθαι,

99 1599 241 1681 μηδενὸς
277 1597 319 1663 άν
355 1594 539 1681 γενομένου
580 1597 745 1683 μάρτυρος
780 1606 841 1662 τοῦ
877 1593 1120 1681 διελέγξοντος,

99 1704 214 1792 ἐκείνω
233 1705 295 1788 την
314 1706 498 1789 μαρτυρίαν
517 1700 664 1768 άπέδωιιε
687 1699 742 1767 καὶ
765 1712 822 1786 τῆς
845 1697 897 1767 ἐπ’
921 1702 1009 1789 αὐτῷ
1034 1707 1121 1787 μνη-

99 1836 161 1896 μης
184 1809 312 1895 ἠξίωσε.
1135 1823 1158 1864 1⁵

50 1902 54 1904 Y
167 1914 276 1997 <159>
294 1911 349 1978 καὶ
367 1923 469 1978 ταῦτα
488 1910 549 1997 μὲν
568 1915 612 1991 ώς
631 1913 673 1980 άν
692 1915 803 1991 αὐτοῖς
825 1912 891 1978 τισὶ
910 1916 1004 1999 δοκῇ,
1029 1915 1120 1981 οὕτω

67 2022 85 2086 ’ί
102 2022 339 2086 σκοπείτωσαν·
362 2022 513 2104 Μωυσῆς
532 2017 570 2085 δὲ
587 2017 671 2107 ὑπὲρ
691 2015 738 2087 ὧν
760 2018 816 2085 καὶ
837 2024 1040 2107 προείπομεν
1064 2021 1122 2087 έπλ

101 2128 161 2209 τὴν
179 2126 385 2191 Μαδιανίτιν
407 2135 470 2210 γῆν
489 2129 612 2212 έπεμψε
635 2127 802 2214 στρατιάν,
825 2130 902 2204 τοὺς
924 2127 1049 2204 πάντας
1072 2131 1123 2206 είς

101 2232 285 2316 δισχιλίους
314 2231 369 2298 καὶ
398 2236 556 2320 μυρίους,
586 2233 619 2311 έξ
650 2232 786 2318 ἑκάστης
816 2238 923 2318 φυλῆς
952 2235 1011 2298 τὸν
1044 2239 1122 2300 ίσον

102 2337 249 2423 άριθμὸν
277 2338 526 2424 ἐπιλεξάμενος,
557 2342 740 2426 στρατηγὸν
769 2337 798 2404 δ’
831 2341 941 2406 αὐτῶν
968 2337 1122 2418 ἀπέδειξε
1136 2354 1163 2395 2⁰

105 2442 280 2527 Φινεέσην,
304 2440 345 2509 οὗ
364 2454 469 2534 μιαρῷ
488 2449 651 2531 πρότερον
675 2446 889 2530 έμνησθημεν
911 2444 1123 2531 φυλάξαντος

102 2558 170 2625 τοῖς
188 2546 354 2632 Ἑβραίοις
372 2552 449 2626 τοὺς
467 2552 592 2634 νόμους
610 2547 665 2614 καὶ
683 2551 742 2615 τὸν
764 2561 1020 2636 παρανομοῦντα
1043 2553 1123 2617 τού-

7 2663 10 2666 ’
102 2676 181 2730 τους
200 2657 373 2740 Ζαμβρίαν
395 2653 678 2741 τιμωρησαμένου.
724 2657 833 2739 <160>
852 2659 1059 2721 Μαδιανίται
1083 2654 1124 2722 δέ

103 2763 356 2847 προπυθόμενοι
388 2765 447 2828 τὸν
480 2763 620 2847 στρατὸν
653 2758 706 2826 ε’πὶ
737 2771 821 2847 σφάς
854 2743 1035 2829 ἐλαύνοντα
1066 2762 1121 2828 καὶ

104 2866 186 2932 ὅσον
206 2868 297 2933 οὔπω
316 2872 557 2954 παρεσόμενον,
579 2868 776 2953 ἠθροίζοντό
799 2891 833 2933 τε
856 2868 911 2933 καὶ
933 2871 990 2944 τάς
1012 2870 1123 2952 είσβο-
1138 2884 1164 2925 2⁵

105 2972 165 3048 λδις
182 2980 240 3055 τῆς
258 2973 376 3058 χώρας,
399 2967 421 3059 ἦ
439 2971 681 3060 προσεδέχοντο
703 2977 781 3052 τοὺς
803 2977 991 3058 πολεμίους,
1015 2973 1122 3059 άσφα-

57 3139 70 3166 ,
106 3078 278 3162 λισάμενοι
297 3077 493 3165 περιέμενον
512 3079 640 3155 αὐτούς.
685 3081 796 3164 <161>
810 3080 980 3147 ἐλθόντων
1005 3077 1043 3144 δέ
1066 3080 1123 3146 καὶ

106 3187 276 3268 συμβολῆς
303 3183 498 3270 γενομένης,
527 3188 637 3249 πίπτει
660 3197 727 3252 τῶν
749 3189 969 3252 Μαδιανιτῶν
992 3192 1124 3271 πλῆθος

106 3288 348 3374 ἀσυλλόγιστον
365 3289 421 3356 καὶ
440 3291 588 3377 ἀριθμοῦ
606 3302 767 3376 κρεῖττον,
791 3293 826 3357 οί
841 3314 875 3356 τε
895 3294 1040 3375 βασιλεῖς
1063 3294 1124 3358 αὐ-

174 3432 265 3495 §156
285 3455 320 3475 =
338 3428 422 3484 Num.
441 3428 518 3484 XXV
537 3433 560 3482 9.
623 3433 709 3492 §160
730 3455 763 3473 =
781 3428 864 3484 Num.
889 3429 978 3482 XXXI
1003 3436 1031 3493 13
1068 3431 1122 3487 Ios.

85 3517 160 3572 ΧΠΙ
174 3525 219 3580 21.
