<?xml version="1.0" encoding="UTF-8"?>
<!DOCTYPE html PUBLIC "-//W3C//DTD XHTML 1.0 Transitional//EN"
    "http://www.w3.org/TR/xhtml1/DTD/xhtml1-transitional.dtd">
<html xmlns="http://www.w3.org/1999/xhtml" xml:lang="en" lang="en">
 <head>
  <title>
</title>
<meta http-equiv="Content-Type" content="text/html;charset=utf-8" />
  <meta name='ocr-system' content='tesseract 3.04.00' />
  <meta name='ocr-capabilities' content='ocr_page ocr_carea ocr_par ocr_line ocrx_word'/>
</head>
<body>
  <div class='ocr_page' id='page_1' title='image "./operaomniaposti01nabegoog_0041.png"; bbox 0 0 2460 3848; ppageno 0'>
   <div class='ocr_carea' id='block_1_1' title="bbox 101 147 745 212">
    <p class='ocr_par' dir='ltr' id='par_1_1' title="bbox 101 147 745 212">
     <span class='ocr_line' id='line_1_1' title="bbox 101 147 745 212; baseline -0.006 -11"><span class='ocrx_word' id='word_1_1' title='bbox 101 148 142 212; x_wconf 90' lang='lat'><strong><em>10</em></strong></span> <span class='ocrx_word' id='word_1_2' title='bbox 472 147 745 201; x_wconf 73' lang='grc' dir='ltr'>ΑΡΧΑΙΟΔΟΓΙΑΣ</span> 
     </span>
    </p>
   </div>
   <div class='ocr_carea' id='block_1_2' title="bbox 99 306 1115 501">
    <p class='ocr_par' dir='ltr' id='par_1_2' title="bbox 99 306 1115 501">
     <span class='ocr_line' id='line_1_2' title="bbox 99 306 1115 394; baseline -0.003 -18"><span class='ocrx_word' id='word_1_3' title='bbox 99 313 201 393; x_wconf 88' lang='grc' dir='ltr'><strong><em>γόντα</em></strong></span> <span class='ocrx_word' id='word_1_4' title='bbox 228 313 287 376; x_wconf 89' lang='grc' dir='ltr'><strong><em>τόν</em></strong></span> <span class='ocrx_word' id='word_1_5' title='bbox 315 334 349 375; x_wconf 90' lang='grc' dir='ltr'><strong><em>τε</em></strong></span> <span class='ocrx_word' id='word_1_6' title='bbox 370 309 518 394; x_wconf 80' lang='grc' dir='ltr'><strong><em>’Ἁδαμον</em></strong></span> <span class='ocrx_word' id='word_1_7' title='bbox 541 306 596 374; x_wconf 83' lang='grc' dir='ltr'><strong><em>καὶ</em></strong></span> <span class='ocrx_word' id='word_1_8' title='bbox 623 310 685 392; x_wconf 88' lang='grc' dir='ltr'><strong><em>τῆν</em></strong></span> <span class='ocrx_word' id='word_1_9' title='bbox 708 319 849 391; x_wconf 78' lang='grc' dir='ltr'><strong><em>γυναῖκα</em></strong></span> <span class='ocrx_word' id='word_1_10' title='bbox 871 312 1024 372; x_wconf 91' lang='grc' dir='ltr'><strong><em>κελεῦσαι</em></strong></span> <span class='ocrx_word' id='word_1_11' title='bbox 1046 318 1115 373; x_wconf 85' lang='grc' dir='ltr'><strong><em>τῶν</em></strong></span> 
     </span>
     <span class='ocr_line' id='line_1_3' title="bbox 99 409 1110 501; baseline -0.004 -19"><span class='ocrx_word' id='word_1_12' title='bbox 99 427 214 501; x_wconf 79' lang='grc' dir='ltr'><strong><em>φυτῶν</em></strong></span> <span class='ocrx_word' id='word_1_13' title='bbox 244 417 481 500; x_wconf 79' lang='grc' dir='ltr'><strong><em>ἐπιμελεῖσθαι.</em></strong></span> <span class='ocrx_word' id='word_1_14' title='bbox 527 417 662 501; x_wconf 88' lang='grc' dir='ltr'><strong><em>ἀρδεται</em></strong></span> <span class='ocrx_word' id='word_1_15' title='bbox 689 411 720 480; x_wconf 93' lang='grc' dir='ltr'><strong><em>δ’</em></strong></span> <span class='ocrx_word' id='word_1_16' title='bbox 753 409 849 491; x_wconf 84' lang='grc' dir='ltr'><strong><em>οὗτος</em></strong></span> <span class='ocrx_word' id='word_1_17' title='bbox 877 414 894 480; x_wconf 99' lang='lat'>6</span> <span class='ocrx_word' id='word_1_18' title='bbox 922 423 1024 496; x_wconf 99' lang='grc' dir='ltr'><strong><em>κῆπος</em></strong></span> <span class='ocrx_word' id='word_1_19' title='bbox 1051 411 1110 499; x_wconf 85' lang='grc' dir='ltr'><strong><em>ὑφ’</em></strong></span> 
     </span>
    </p>
   </div>
   <div class='ocr_carea' id='block_1_3' title="bbox 63 519 1158 3571">
    <p class='ocr_par' dir='ltr' id='par_1_3' title="bbox 63 519 1158 3571">
     <span class='ocr_line' id='line_1_4' title="bbox 100 519 1115 611; baseline -0.001 -24"><span class='ocrx_word' id='word_1_20' title='bbox 100 521 174 600; x_wconf 81' lang='grc' dir='ltr'><strong><em>ἑνὸς</em></strong></span> <span class='ocrx_word' id='word_1_21' title='bbox 197 533 358 607; x_wconf 81' lang='grc' dir='ltr'><strong>ποταμοῦ,</strong></span> <span class='ocrx_word' id='word_1_22' title='bbox 380 532 490 588; x_wconf 87' lang='grc' dir='ltr'><strong><em>πᾶσαν</em></strong></span> <span class='ocrx_word' id='word_1_23' title='bbox 514 522 551 587; x_wconf 82' lang='grc' dir='ltr'><strong><em>ἐν</em></strong></span> <span class='ocrx_word' id='word_1_24' title='bbox 569 524 680 611; x_wconf 77' lang='grc' dir='ltr'><strong><em>κύκλῳ</em></strong></span> <span class='ocrx_word' id='word_1_25' title='bbox 703 523 763 605; x_wconf 89' lang='grc' dir='ltr'><strong><em>τῆν</em></strong></span> <span class='ocrx_word' id='word_1_26' title='bbox 786 530 849 604; x_wconf 91' lang='grc' dir='ltr'><strong><em>γῆν</em></strong></span> <span class='ocrx_word' id='word_1_27' title='bbox 871 519 1115 607; x_wconf 81' lang='grc' dir='ltr'><strong><em>περιρρέοντος,</em></strong></span> 
     </span>
     <span class='ocr_line' id='line_1_5' title="bbox 100 624 1115 713; baseline -0.004 -19"><span class='ocrx_word' id='word_1_28' title='bbox 100 628 136 704; x_wconf 87' lang='grc' dir='ltr'><strong><em>ὃς</em></strong></span> <span class='ocrx_word' id='word_1_29' title='bbox 158 630 206 704; x_wconf 87' lang='grc' dir='ltr'><strong><em>είς</em></strong></span> <span class='ocrx_word' id='word_1_30' title='bbox 227 627 365 713; x_wconf 90' lang='grc' dir='ltr'><strong><em>τέτταρα</em></strong></span> <span class='ocrx_word' id='word_1_31' title='bbox 383 627 466 713; x_wconf 91' lang='grc' dir='ltr'><strong><em>μέρη</em></strong></span> <span class='ocrx_word' id='word_1_32' title='bbox 491 631 639 712; x_wconf 83' lang='grc' dir='ltr'><strong><em>σχίζεται.</em></strong></span> <span class='ocrx_word' id='word_1_33' title='bbox 671 626 727 692; x_wconf 82' lang='grc' dir='ltr'><strong><em>καὶ</em></strong></span> <span class='ocrx_word' id='word_1_34' title='bbox 747 628 879 692; x_wconf 82' lang='grc' dir='ltr'><strong><em>Φεισὼν</em></strong></span> <span class='ocrx_word' id='word_1_35' title='bbox 898 624 959 710; x_wconf 91' lang='grc' dir='ltr'><strong><em>μέν</em></strong></span> <span class='ocrx_word' id='word_1_36' title='bbox 984 630 1115 710; x_wconf 78' lang='grc' dir='ltr'><strong><em>(σημαί-</em></strong></span> 
     </span>
     <span class='ocr_line' id='line_1_6' title="bbox 98 730 1143 818; baseline -0.001 -19"><span class='ocrx_word' id='word_1_37' title='bbox 98 757 150 799; x_wconf 86' lang='grc' dir='ltr'><strong><em>νει</em></strong></span> <span class='ocrx_word' id='word_1_38' title='bbox 179 731 215 798; x_wconf 71' lang='grc' dir='ltr'><strong><em>δλ</em></strong></span> <span class='ocrx_word' id='word_1_39' title='bbox 241 738 377 818; x_wconf 85' lang='grc' dir='ltr'><strong><em>πληθὺν</em></strong></span> <span class='ocrx_word' id='word_1_40' title='bbox 404 731 564 817; x_wconf 87' lang='grc' dir='ltr'><strong><em>τούνομα)</em></strong></span> <span class='ocrx_word' id='word_1_41' title='bbox 594 732 647 798; x_wconf 84' lang='grc' dir='ltr'><strong><em>ἐπὶ</em></strong></span> <span class='ocrx_word' id='word_1_42' title='bbox 675 735 735 817; x_wconf 90' lang='grc' dir='ltr'><strong><em>τῆν</em></strong></span> <span class='ocrx_word' id='word_1_43' title='bbox 759 730 903 816; x_wconf 90' lang='grc' dir='ltr'><strong><em>Ἰνδικῆν</em></strong></span> <span class='ocrx_word' id='word_1_44' title='bbox 931 736 1143 817; x_wconf 72' lang='grc' dir='ltr'><strong><em>φερόμενοςῡ</em></strong></span> 
     </span>
     <span class='ocr_line' id='line_1_7' title="bbox 100 836 1116 924; baseline 0 -20"><span class='ocrx_word' id='word_1_45' title='bbox 100 840 276 905; x_wconf 77' lang='grc' dir='ltr'><strong><em>ἐκδίδωσιν</em></strong></span> <span class='ocrx_word' id='word_1_46' title='bbox 299 842 346 917; x_wconf 85' lang='grc' dir='ltr'><strong><em>εἰς</em></strong></span> <span class='ocrx_word' id='word_1_47' title='bbox 368 843 405 905; x_wconf 90' lang='grc' dir='ltr'><strong><em>τὸ</em></strong></span> <span class='ocrx_word' id='word_1_48' title='bbox 428 839 580 922; x_wconf 91' lang='grc' dir='ltr'><strong><em>πέλαγος,</em></strong></span> <span class='ocrx_word' id='word_1_49' title='bbox 603 836 661 924; x_wconf 86' lang='grc' dir='ltr'><strong><em>ὑφ’</em></strong></span> <span class='ocrx_word' id='word_1_50' title='bbox 679 837 848 922; x_wconf 83' lang='grc' dir='ltr'><strong><em>Ἑλλήνων</em></strong></span> <span class='ocrx_word' id='word_1_51' title='bbox 867 839 998 922; x_wconf 77' lang='grc' dir='ltr'><em>Γάγγης</em></span> <span class='ocrx_word' id='word_1_52' title='bbox 1021 842 1116 921; x_wconf 86' lang='grc' dir='ltr'><strong><em>λεγό-</em></strong></span> 
     </span>
     <span class='ocr_line' id='line_1_8' title="bbox 99 943 1117 1032; baseline -0.001 -21"><span class='ocrx_word' id='word_1_53' title='bbox 99 969 209 1030; x_wconf 91' lang='grc' dir='ltr'><strong><em>μενος,</em></strong></span> <span class='ocrx_word' id='word_1_54' title='bbox 233 947 320 1029; x_wconf 84' lang='grc'>&lt;39&gt;</span> <span class='ocrx_word' id='word_1_55' title='bbox 335 946 512 1031; x_wconf 78' lang='grc' dir='ltr'><strong><em>Εὐφράτης</em></strong></span> <span class='ocrx_word' id='word_1_56' title='bbox 535 943 645 1011; x_wconf 75' lang='grc' dir='ltr'><strong><em>δὲκαὶ</em></strong></span> <span class='ocrx_word' id='word_1_57' title='bbox 664 949 776 1030; x_wconf 82' lang='grc' dir='ltr'><strong><em>Τίγρις</em></strong></span> <span class='ocrx_word' id='word_1_58' title='bbox 795 945 847 1011; x_wconf 81' lang='grc' dir='ltr'><strong><em>έπλ</em></strong></span> <span class='ocrx_word' id='word_1_59' title='bbox 865 947 926 1030; x_wconf 85' lang='grc' dir='ltr'><strong><em>τῆν</em></strong></span> <span class='ocrx_word' id='word_1_60' title='bbox 946 943 1117 1032; x_wconf 85' lang='grc' dir='ltr'><strong><em>Ἐρυθράν</em></strong></span> 
     </span>
     <span class='ocr_line' id='line_1_9' title="bbox 100 1049 1116 1136; baseline -0.002 -19"><span class='ocrx_word' id='word_1_61' title='bbox 100 1052 215 1117; x_wconf 88' lang='grc' dir='ltr'><strong><em>ἀπίασι</em></strong></span> <span class='ocrx_word' id='word_1_62' title='bbox 230 1053 419 1118; x_wconf 84' lang='grc' dir='ltr'><strong><em>θάλατταν·</em></strong></span> <span class='ocrx_word' id='word_1_63' title='bbox 448 1058 594 1118; x_wconf 88' lang='grc' dir='ltr'><strong><em>καλείται</em></strong></span> <span class='ocrx_word' id='word_1_64' title='bbox 622 1049 652 1117; x_wconf 88' lang='grc' dir='ltr'><strong><em>δ’</em></strong></span> <span class='ocrx_word' id='word_1_65' title='bbox 680 1053 697 1119; x_wconf 99' lang='lat'>6</span> <span class='ocrx_word' id='word_1_66' title='bbox 722 1049 783 1135; x_wconf 77' lang='grc' dir='ltr'><strong><em>μὲν</em></strong></span> <span class='ocrx_word' id='word_1_67' title='bbox 806 1052 985 1136; x_wconf 78' lang='grc' dir='ltr'><strong><em>Εὐφράτης</em></strong></span> <span class='ocrx_word' id='word_1_68' title='bbox 1009 1053 1116 1136; x_wconf 90' lang='grc' dir='ltr'><strong><em>Φορά,</em></strong></span> 
     </span>
     <span class='ocr_line' id='line_1_10' title="bbox 101 1153 1116 1244; baseline -0.001 -20"><span class='ocrx_word' id='word_1_69' title='bbox 101 1162 253 1244; x_wconf 81' lang='grc' dir='ltr'><strong><em>σημαίνει</em></strong></span> <span class='ocrx_word' id='word_1_70' title='bbox 268 1155 297 1224; x_wconf 90' lang='grc' dir='ltr'><strong><em>δ’</em></strong></span> <span class='ocrx_word' id='word_1_71' title='bbox 314 1161 386 1242; x_wconf 87' lang='grc' dir='ltr'><strong><em>ῆτοι</em></strong></span> <span class='ocrx_word' id='word_1_72' title='bbox 402 1161 588 1242; x_wconf 88' lang='grc' dir='ltr'><strong><em>σκεδασμὸν</em></strong></span> <span class='ocrx_word' id='word_1_73' title='bbox 606 1158 627 1242; x_wconf 83' lang='grc' dir='ltr'><strong><em>ῆ</em></strong></span> <span class='ocrx_word' id='word_1_74' title='bbox 648 1159 764 1241; x_wconf 91' lang='grc' dir='ltr'><strong><em>ἀνθος,</em></strong></span> <span class='ocrx_word' id='word_1_75' title='bbox 783 1161 896 1243; x_wconf 80' lang='grc' dir='ltr'><strong><em>Τίγρις</em></strong></span> <span class='ocrx_word' id='word_1_76' title='bbox 917 1153 954 1222; x_wconf 72' lang='grc' dir='ltr'><strong><em>δὲ</em></strong></span> <span class='ocrx_word' id='word_1_77' title='bbox 968 1159 1116 1242; x_wconf 87' lang='grc' dir='ltr'><strong><em>Διγλάθ,</em></strong></span> 
     </span>
     <span class='ocr_line' id='line_1_11' title="bbox 101 1261 1158 1350; baseline -0.006 -20"><span class='ocrx_word' id='word_1_78' title='bbox 101 1263 144 1330; x_wconf 85' lang='grc' dir='ltr'><strong><em>δι’</em></strong></span> <span class='ocrx_word' id='word_1_79' title='bbox 173 1261 214 1330; x_wconf 86' lang='grc' dir='ltr'><strong><em>οὗ</em></strong></span> <span class='ocrx_word' id='word_1_80' title='bbox 243 1265 397 1350; x_wconf 81' lang='grc' dir='ltr'><strong><em>φράζεται</em></strong></span> <span class='ocrx_word' id='word_1_81' title='bbox 420 1268 457 1331; x_wconf 90' lang='grc' dir='ltr'><strong><em>τὸ</em></strong></span> <span class='ocrx_word' id='word_1_82' title='bbox 488 1266 568 1349; x_wconf 89' lang='grc' dir='ltr'><strong><em>μετά</em></strong></span> <span class='ocrx_word' id='word_1_83' title='bbox 598 1268 791 1348; x_wconf 89' lang='grc' dir='ltr'><strong><em>στενότητος</em></strong></span> <span class='ocrx_word' id='word_1_84' title='bbox 819 1262 886 1342; x_wconf 84' lang='grc' dir='ltr'><strong><em>ὀξύ.</em></strong></span> <span class='ocrx_word' id='word_1_85' title='bbox 938 1264 1036 1348; x_wconf 85' lang='grc' dir='ltr'><strong><em>Γηὼν</em></strong></span> <span class='ocrx_word' id='word_1_86' title='bbox 1067 1263 1116 1348; x_wconf 85' lang='grc' dir='ltr'><strong><em>δέ,</em></strong></span> <span class='ocrx_word' id='word_1_87' title='bbox 1132 1285 1158 1324; x_wconf 74' lang='grc' dir='ltr'><strong><em>ιο</em></strong></span> 
     </span>
     <span class='ocr_line' id='line_1_12' title="bbox 101 1370 1116 1457; baseline -0.001 -21"><span class='ocrx_word' id='word_1_88' title='bbox 101 1373 156 1436; x_wconf 90' lang='grc' dir='ltr'><strong><em>διά</em></strong></span> <span class='ocrx_word' id='word_1_89' title='bbox 179 1382 236 1456; x_wconf 87' lang='grc' dir='ltr'><strong><em>τῆς</em></strong></span> <span class='ocrx_word' id='word_1_90' title='bbox 258 1374 431 1456; x_wconf 81' lang='grc' dir='ltr'><strong><em>Αἰγύπτου</em></strong></span> <span class='ocrx_word' id='word_1_91' title='bbox 455 1371 557 1457; x_wconf 82' lang='grc' dir='ltr'><strong><em>ῥέων,</em></strong></span> <span class='ocrx_word' id='word_1_92' title='bbox 586 1373 685 1456; x_wconf 82' lang='grc' dir='ltr'><strong><em>δηλοῖ</em></strong></span> <span class='ocrx_word' id='word_1_93' title='bbox 705 1374 763 1437; x_wconf 85' lang='grc' dir='ltr'><strong><em>τὸν</em></strong></span> <span class='ocrx_word' id='word_1_94' title='bbox 786 1371 850 1437; x_wconf 90' lang='grc' dir='ltr'><strong><em>ἀπὸ</em></strong></span> <span class='ocrx_word' id='word_1_95' title='bbox 873 1381 930 1454; x_wconf 90' lang='grc' dir='ltr'><strong><em>τῆς</em></strong></span> <span class='ocrx_word' id='word_1_96' title='bbox 954 1370 1116 1453; x_wconf 79' lang='grc' dir='ltr'><strong><em>ἀνατολῆς</em></strong></span> 
     </span>
     <span class='ocr_line' id='line_1_13' title="bbox 101 1475 1116 1562; baseline 0 -20"><span class='ocrx_word' id='word_1_97' title='bbox 101 1478 344 1562; x_wconf 87' lang='grc' dir='ltr'><strong><em>ἀναδιδόμενον</em></strong></span> <span class='ocrx_word' id='word_1_98' title='bbox 373 1478 467 1562; x_wconf 78' lang='grc' dir='ltr'><strong><em>ἡμῖν·</em></strong></span> <span class='ocrx_word' id='word_1_99' title='bbox 497 1477 537 1543; x_wconf 86' lang='grc' dir='ltr'><strong><em>δν</em></strong></span> <span class='ocrx_word' id='word_1_100' title='bbox 565 1478 607 1560; x_wconf 88' lang='grc' dir='ltr'><strong><em>δῆ</em></strong></span> <span class='ocrx_word' id='word_1_101' title='bbox 633 1480 757 1542; x_wconf 78' lang='grc' dir='ltr'><strong><em>Νεῖλον</em></strong></span> <span class='ocrx_word' id='word_1_102' title='bbox 771 1475 929 1560; x_wconf 85' lang='grc' dir='ltr'><strong><em>Ἕλληνες</em></strong></span> <span class='ocrx_word' id='word_1_103' title='bbox 950 1492 1116 1560; x_wconf 90' lang='grc' dir='ltr'><strong><em>προσαγο-</em></strong></span> 
     </span>
     <span class='ocr_line' id='line_1_14' title="bbox 101 1585 266 1669; baseline -0.006 -19"><span class='ocrx_word' id='word_1_104' title='bbox 101 1585 266 1669; x_wconf 88' lang='grc' dir='ltr'><strong><em>ρεύουσιν.</em></strong></span> 
     </span>
     <span class='ocr_line' id='line_1_15' title="bbox 167 1687 1116 1776; baseline -0.004 -20"><span class='ocrx_word' id='word_1_105' title='bbox 167 1693 253 1776; x_wconf 81' lang='grc' dir='ltr'>&lt;4Ο&gt;</span> <span class='ocrx_word' id='word_1_106' title='bbox 268 1693 285 1759; x_wconf 99' lang='lat'>6</span> <span class='ocrx_word' id='word_1_107' title='bbox 302 1693 342 1776; x_wconf 87' lang='grc' dir='ltr'><strong><em>δῆ</em></strong></span> <span class='ocrx_word' id='word_1_108' title='bbox 356 1695 473 1758; x_wconf 90' lang='grc' dir='ltr'><strong><em>τοίνυν</em></strong></span> <span class='ocrx_word' id='word_1_109' title='bbox 486 1693 567 1767; x_wconf 90' lang='grc' dir='ltr'><strong><em>θεὸς</em></strong></span> <span class='ocrx_word' id='word_1_110' title='bbox 580 1690 639 1756; x_wconf 89' lang='grc' dir='ltr'><strong><em>τὸν</em></strong></span> <span class='ocrx_word' id='word_1_111' title='bbox 654 1688 803 1773; x_wconf 76' lang='grc' dir='ltr'><strong><em>’Ἀδαμον</em></strong></span> <span class='ocrx_word' id='word_1_112' title='bbox 821 1687 876 1754; x_wconf 82' lang='grc' dir='ltr'><strong><em>καὶ</em></strong></span> <span class='ocrx_word' id='word_1_113' title='bbox 894 1690 956 1772; x_wconf 87' lang='grc' dir='ltr'><strong><em>τῆν</em></strong></span> <span class='ocrx_word' id='word_1_114' title='bbox 974 1698 1116 1771; x_wconf 72' lang='grc' dir='ltr'><strong><em>γυναῖκα</em></strong></span> 
     </span>
     <span class='ocr_line' id='line_1_16' title="bbox 63 1790 1157 1882; baseline -0.003 -25"><span class='ocrx_word' id='word_1_115' title='bbox 63 1810 81 1857; x_wconf 88' lang='grc'>4</span> <span class='ocrx_word' id='word_1_116' title='bbox 100 1809 166 1863; x_wconf 82' lang='grc' dir='ltr'><strong><em>τῶν</em></strong></span> <span class='ocrx_word' id='word_1_117' title='bbox 189 1794 250 1880; x_wconf 74' lang='grc' dir='ltr'><strong><em>μὲν</em></strong></span> <span class='ocrx_word' id='word_1_118' title='bbox 273 1799 385 1862; x_wconf 87' lang='grc' dir='ltr'><strong><em>ἀλλων</em></strong></span> <span class='ocrx_word' id='word_1_119' title='bbox 407 1809 522 1882; x_wconf 82' lang='grc' dir='ltr'><strong><em>φυτῶν</em></strong></span> <span class='ocrx_word' id='word_1_120' title='bbox 546 1795 695 1862; x_wconf 83' lang='grc' dir='ltr'><strong><em>ἐκέλευσε</em></strong></span> <span class='ocrx_word' id='word_1_121' title='bbox 719 1797 893 1879; x_wconf 90' lang='grc' dir='ltr'><strong><em>γεύεσθαι,</em></strong></span> <span class='ocrx_word' id='word_1_122' title='bbox 916 1804 975 1859; x_wconf 90' lang='grc' dir='ltr'><strong><em>τοῦ</em></strong></span> <span class='ocrx_word' id='word_1_123' title='bbox 999 1790 1036 1858; x_wconf 71' lang='grc' dir='ltr'><strong><em>δέ</em></strong></span> <span class='ocrx_word' id='word_1_124' title='bbox 1059 1803 1117 1878; x_wconf 81' lang='grc' dir='ltr'><strong><em>τῆς</em></strong></span> <span class='ocrx_word' id='word_1_125' title='bbox 1131 1813 1157 1854; x_wconf 82' lang='lat'><strong><em>15</em></strong></span> 
     </span>
     <span class='ocr_line' id='line_1_17' title="bbox 100 1898 1116 1988; baseline 0 -23"><span class='ocrx_word' id='word_1_126' title='bbox 100 1904 293 1988; x_wconf 81' lang='grc' dir='ltr'><strong><em>φρονήσεως</em></strong></span> <span class='ocrx_word' id='word_1_127' title='bbox 319 1899 518 1986; x_wconf 84' lang='grc' dir='ltr'><strong><em>ἀπέχεσθαι,</em></strong></span> <span class='ocrx_word' id='word_1_128' title='bbox 547 1903 715 1986; x_wconf 86' lang='grc' dir='ltr'><strong><em>προειπὼν</em></strong></span> <span class='ocrx_word' id='word_1_129' title='bbox 742 1899 923 1985; x_wconf 82' lang='grc' dir='ltr'><strong><em>ἁψαμένοις</em></strong></span> <span class='ocrx_word' id='word_1_130' title='bbox 950 1898 982 1977; x_wconf 79' lang='grc' dir='ltr'><strong><em>ἐξ</em></strong></span> <span class='ocrx_word' id='word_1_131' title='bbox 1012 1899 1116 1965; x_wconf 90' lang='grc' dir='ltr'><strong><em>αὐτοῦ</em></strong></span> 
     </span>
     <span class='ocr_line' id='line_1_18' title="bbox 101 2002 1111 2092; baseline -0.002 -20"><span class='ocrx_word' id='word_1_132' title='bbox 101 2009 245 2091; x_wconf 76' lang='grc' dir='ltr'><strong><em>ὄλεθρον</em></strong></span> <span class='ocrx_word' id='word_1_133' title='bbox 275 2009 507 2090; x_wconf 86' lang='grc' dir='ltr'><strong><em>γενησόμενον.</em></strong></span> <span class='ocrx_word' id='word_1_134' title='bbox 553 2008 638 2091; x_wconf 83' lang='grc'>&lt;41&gt;</span> <span class='ocrx_word' id='word_1_135' title='bbox 670 2008 939 2092; x_wconf 85' lang='grc' dir='ltr'><strong><em>ὁμοφωνούντων</em></strong></span> <span class='ocrx_word' id='word_1_136' title='bbox 972 2002 1009 2070; x_wconf 72' lang='grc' dir='ltr'><strong><em>δέ</em></strong></span> <span class='ocrx_word' id='word_1_137' title='bbox 1040 2003 1111 2070; x_wconf 86' lang='grc' dir='ltr'><strong><em>κατ’</em></strong></span> 
     </span>
     <span class='ocr_line' id='line_1_19' title="bbox 102 2110 1116 2201; baseline -0.002 -23"><span class='ocrx_word' id='word_1_138' title='bbox 102 2113 230 2179; x_wconf 80' lang='grc' dir='ltr'><strong><em>ἐκεῖνον</em></strong></span> <span class='ocrx_word' id='word_1_139' title='bbox 252 2115 369 2199; x_wconf 91' lang='grc' dir='ltr'><strong><em>καιρὸν</em></strong></span> <span class='ocrx_word' id='word_1_140' title='bbox 392 2125 458 2178; x_wconf 83' lang='grc' dir='ltr'><strong><em>τῶν</em></strong></span> <span class='ocrx_word' id='word_1_141' title='bbox 479 2110 570 2201; x_wconf 73' lang='grc' dir='ltr'><strong><em>ζῴων</em></strong></span> <span class='ocrx_word' id='word_1_142' title='bbox 590 2113 755 2197; x_wconf 85' lang='grc' dir='ltr'><strong><em>ἁπάντων,</em></strong></span> <span class='ocrx_word' id='word_1_143' title='bbox 778 2114 796 2180; x_wconf 91' lang='lat'>6</span> <span class='ocrx_word' id='word_1_144' title='bbox 821 2116 896 2198; x_wconf 76' lang='grc' dir='ltr'><strong><em>ὄφις</em></strong></span> <span class='ocrx_word' id='word_1_145' title='bbox 919 2114 1116 2177; x_wconf 86' lang='grc' dir='ltr'><strong><em>συνδιαιτώ-</em></strong></span> 
     </span>
     <span class='ocr_line' id='line_1_20' title="bbox 102 2214 1116 2307; baseline -0.002 -23"><span class='ocrx_word' id='word_1_146' title='bbox 102 2243 200 2301; x_wconf 88' lang='grc' dir='ltr'><strong><em>μενος</em></strong></span> <span class='ocrx_word' id='word_1_147' title='bbox 213 2228 258 2306; x_wconf 74' lang='grc' dir='ltr'><strong><em>τςῦ</em></strong></span> <span class='ocrx_word' id='word_1_148' title='bbox 274 2242 307 2284; x_wconf 90' lang='grc' dir='ltr'><strong><em>τε</em></strong></span> <span class='ocrx_word' id='word_1_149' title='bbox 327 2216 457 2307; x_wconf 83' lang='grc' dir='ltr'><strong><em>Ἀδάμφ</em></strong></span> <span class='ocrx_word' id='word_1_150' title='bbox 476 2219 532 2285; x_wconf 82' lang='grc' dir='ltr'><strong><em>καὶ</em></strong></span> <span class='ocrx_word' id='word_1_151' title='bbox 550 2229 588 2305; x_wconf 86' lang='grc' dir='ltr'><strong><em>τῆ</em></strong></span> <span class='ocrx_word' id='word_1_152' title='bbox 603 2219 736 2303; x_wconf 83' lang='grc' dir='ltr'><strong><em>γυναικὶ</em></strong></span> <span class='ocrx_word' id='word_1_153' title='bbox 755 2227 930 2304; x_wconf 76' lang='grc' dir='ltr'><strong><em>φθονερῶς</em></strong></span> <span class='ocrx_word' id='word_1_154' title='bbox 948 2215 1009 2303; x_wconf 72' lang='grc' dir='ltr'><strong><em>μὲν</em></strong></span> <span class='ocrx_word' id='word_1_155' title='bbox 1028 2214 1116 2304; x_wconf 83' lang='grc' dir='ltr'><strong><em>εἶχεν</em></strong></span> 
     </span>
     <span class='ocr_line' id='line_1_21' title="bbox 103 2317 1157 2412; baseline 0.003 -24"><span class='ocrx_word' id='word_1_156' title='bbox 103 2321 155 2406; x_wconf 79' lang='grc' dir='ltr'><strong><em>ἐφ’</em></strong></span> <span class='ocrx_word' id='word_1_157' title='bbox 183 2317 233 2400; x_wconf 86' lang='grc' dir='ltr'><strong><em>οἷς</em></strong></span> <span class='ocrx_word' id='word_1_158' title='bbox 255 2326 376 2401; x_wconf 86' lang='grc' dir='ltr'><strong><em>αὐτοὺς</em></strong></span> <span class='ocrx_word' id='word_1_159' title='bbox 406 2326 659 2408; x_wconf 82' lang='grc' dir='ltr'><strong><em>εὐδαιμονήσειν</em></strong></span> <span class='ocrx_word' id='word_1_160' title='bbox 683 2325 764 2412; x_wconf 73' lang='grc' dir='ltr'><strong><em>φ’ίετο</em></strong></span> <span class='ocrx_word' id='word_1_161' title='bbox 788 2324 1024 2409; x_wconf 80' lang='grc' dir='ltr'><strong><em>πεπεισμένους</em></strong></span> <span class='ocrx_word' id='word_1_162' title='bbox 1047 2337 1116 2403; x_wconf 75' lang='grc' dir='ltr'><strong><em>τοῖς</em></strong></span> <span class='ocrx_word' id='word_1_163' title='bbox 1131 2343 1157 2382; x_wconf 75' lang='lat'><strong><em>20</em></strong></span> 
     </span>
     <span class='ocr_line' id='line_1_22' title="bbox 102 2429 1116 2519; baseline 0.005 -27"><span class='ocrx_word' id='word_1_164' title='bbox 102 2439 162 2493; x_wconf 92' lang='grc' dir='ltr'><strong><em>τοῦ</em></strong></span> <span class='ocrx_word' id='word_1_165' title='bbox 185 2435 270 2493; x_wconf 87' lang='grc' dir='ltr'><strong><em>θεοῦ</em></strong></span> <span class='ocrx_word' id='word_1_166' title='bbox 292 2430 577 2515; x_wconf 87' lang='grc' dir='ltr'><strong><em>παραγγέλμασιν,</em></strong></span> <span class='ocrx_word' id='word_1_167' title='bbox 606 2432 692 2512; x_wconf 79' lang='grc'>&lt;42&gt;</span> <span class='ocrx_word' id='word_1_168' title='bbox 718 2432 868 2513; x_wconf 77' lang='grc' dir='ltr'><strong><em>οἰόμενος</em></strong></span> <span class='ocrx_word' id='word_1_169' title='bbox 898 2429 935 2496; x_wconf 73' lang='grc' dir='ltr'><strong><em>δὲ</em></strong></span> <span class='ocrx_word' id='word_1_170' title='bbox 959 2441 1116 2519; x_wconf 81' lang='grc' dir='ltr'><strong><em>συμφορᾷ</em></strong></span> 
     </span>
     <span class='ocr_line' id='line_1_23' title="bbox 101 2534 1116 2621; baseline 0.003 -23"><span class='ocrx_word' id='word_1_171' title='bbox 101 2541 351 2618; x_wconf 80' lang='grc' dir='ltr'><strong><em>περιπεσεῖσθαι</em></strong></span> <span class='ocrx_word' id='word_1_172' title='bbox 365 2537 648 2619; x_wconf 88' lang='grc' dir='ltr'><strong><em>παρακούσαντας,</em></strong></span> <span class='ocrx_word' id='word_1_173' title='bbox 672 2534 845 2602; x_wconf 78' lang='grc' dir='ltr'><strong><em>ἀναπείθει</em></strong></span> <span class='ocrx_word' id='word_1_174' title='bbox 863 2540 1037 2621; x_wconf 79' lang='grc' dir='ltr'><strong><em>κακοήθως</em></strong></span> <span class='ocrx_word' id='word_1_175' title='bbox 1054 2539 1116 2620; x_wconf 87' lang='grc' dir='ltr'><strong><em>τῆν</em></strong></span> 
     </span>
     <span class='ocr_line' id='line_1_24' title="bbox 102 2641 1114 2730; baseline 0.004 -26"><span class='ocrx_word' id='word_1_176' title='bbox 102 2650 243 2722; x_wconf 78' lang='grc' dir='ltr'><strong><em>γυναῖκα</em></strong></span> <span class='ocrx_word' id='word_1_177' title='bbox 261 2641 445 2721; x_wconf 88' lang='grc' dir='ltr'><strong><em>γεύσασθαι</em></strong></span> <span class='ocrx_word' id='word_1_178' title='bbox 464 2652 523 2707; x_wconf 85' lang='grc' dir='ltr'><strong><em>τοῦ</em></strong></span> <span class='ocrx_word' id='word_1_179' title='bbox 542 2651 651 2726; x_wconf 87' lang='grc' dir='ltr'><strong><em>φυτοῦ</em></strong></span> <span class='ocrx_word' id='word_1_180' title='bbox 669 2650 726 2725; x_wconf 91' lang='grc' dir='ltr'><strong><em>τῆς</em></strong></span> <span class='ocrx_word' id='word_1_181' title='bbox 744 2645 947 2727; x_wconf 84' lang='grc' dir='ltr'><strong><em>φρονήσεως,</em></strong></span> <span class='ocrx_word' id='word_1_182' title='bbox 971 2644 1007 2708; x_wconf 81' lang='grc' dir='ltr'><strong><em>ἐν</em></strong></span> <span class='ocrx_word' id='word_1_183' title='bbox 1026 2644 1114 2730; x_wconf 76' lang='grc' dir='ltr'><strong><em>αὐτῷ</em></strong></span> 
     </span>
     <span class='ocr_line' id='line_1_25' title="bbox 103 2741 1115 2832; baseline 0.004 -21"><span class='ocrx_word' id='word_1_184' title='bbox 103 2745 209 2829; x_wconf 89' lang='grc' dir='ltr'><strong><em>λέγων</em></strong></span> <span class='ocrx_word' id='word_1_185' title='bbox 229 2741 314 2810; x_wconf 86' lang='grc' dir='ltr'><strong><em>είναι</em></strong></span> <span class='ocrx_word' id='word_1_186' title='bbox 332 2748 393 2829; x_wconf 87' lang='grc' dir='ltr'><strong><em>τῆν</em></strong></span> <span class='ocrx_word' id='word_1_187' title='bbox 411 2771 445 2811; x_wconf 90' lang='grc' dir='ltr'><strong><em>τε</em></strong></span> <span class='ocrx_word' id='word_1_188' title='bbox 463 2746 614 2829; x_wconf 89' lang='grc' dir='ltr'><strong><em>τάγαθοῦ</em></strong></span> <span class='ocrx_word' id='word_1_189' title='bbox 636 2747 692 2813; x_wconf 85' lang='grc' dir='ltr'><strong><em>καὶ</em></strong></span> <span class='ocrx_word' id='word_1_190' title='bbox 714 2759 774 2815; x_wconf 92' lang='grc' dir='ltr'><strong><em>τοῦ</em></strong></span> <span class='ocrx_word' id='word_1_191' title='bbox 794 2759 898 2815; x_wconf 90' lang='grc' dir='ltr'><strong><em>κακοῦ</em></strong></span> <span class='ocrx_word' id='word_1_192' title='bbox 921 2751 1115 2832; x_wconf 89' lang='grc' dir='ltr'><strong><em>διάγνωσιν,</em></strong></span> 
     </span>
     <span class='ocr_line' id='line_1_26' title="bbox 102 2848 1157 2939; baseline 0.002 -22"><span class='ocrx_word' id='word_1_193' title='bbox 102 2848 142 2936; x_wconf 81' lang='grc' dir='ltr'><strong><em>ῆς</em></strong></span> <span class='ocrx_word' id='word_1_194' title='bbox 163 2848 343 2936; x_wconf 88' lang='grc' dir='ltr'><strong><em>γενομένης</em></strong></span> <span class='ocrx_word' id='word_1_195' title='bbox 366 2853 477 2930; x_wconf 80' lang='grc' dir='ltr'><strong><em>αὐτοῖς</em></strong></span> <span class='ocrx_word' id='word_1_196' title='bbox 505 2854 667 2939; x_wconf 91' lang='grc' dir='ltr'><strong><em>μακάριον</em></strong></span> <span class='ocrx_word' id='word_1_197' title='bbox 689 2854 745 2920; x_wconf 82' lang='grc' dir='ltr'><strong><em>καὶ</em></strong></span> <span class='ocrx_word' id='word_1_198' title='bbox 768 2852 872 2939; x_wconf 72' lang='grc' dir='ltr'><strong><em>μηδὲν</em></strong></span> <span class='ocrx_word' id='word_1_199' title='bbox 896 2854 1116 2922; x_wconf 91' lang='grc' dir='ltr'><strong><em>ἀπολείποντα</em></strong></span> <span class='ocrx_word' id='word_1_200' title='bbox 1131 2872 1157 2912; x_wconf 81' lang='lat'><strong><em>²5</em></strong></span> 
     </span>
     <span class='ocr_line' id='line_1_27' title="bbox 102 2957 1117 3046; baseline 0.004 -24"><span class='ocrx_word' id='word_1_201' title='bbox 102 2969 162 3025; x_wconf 91' lang='grc' dir='ltr'><strong><em>τοῦ</em></strong></span> <span class='ocrx_word' id='word_1_202' title='bbox 189 2963 287 3025; x_wconf 91' lang='grc' dir='ltr'><strong><em>θείου</em></strong></span> <span class='ocrx_word' id='word_1_203' title='bbox 315 2957 440 3035; x_wconf 82' lang='grc' dir='ltr'><strong><em>διάξειν</em></strong></span> <span class='ocrx_word' id='word_1_204' title='bbox 467 2962 551 3041; x_wconf 86' lang='grc' dir='ltr'><strong><em>βίον.</em></strong></span> <span class='ocrx_word' id='word_1_205' title='bbox 599 2961 685 3043; x_wconf 88' lang='grc'>&lt;43&gt;</span> <span class='ocrx_word' id='word_1_206' title='bbox 708 2959 764 3026; x_wconf 82' lang='grc' dir='ltr'><strong><em>καὶ</em></strong></span> <span class='ocrx_word' id='word_1_207' title='bbox 791 2962 1033 3046; x_wconf 92' lang='grc' dir='ltr'><strong><em>παρακρούεται</em></strong></span> <span class='ocrx_word' id='word_1_208' title='bbox 1056 2957 1117 3045; x_wconf 67' lang='grc' dir='ltr'><strong><em>μὲν</em></strong></span> 
     </span>
     <span class='ocr_line' id='line_1_28' title="bbox 103 3064 1117 3152; baseline 0.003 -24"><span class='ocrx_word' id='word_1_209' title='bbox 103 3064 190 3130; x_wconf 81' lang='grc' dir='ltr'><strong><em>οὕτω</em></strong></span> <span class='ocrx_word' id='word_1_210' title='bbox 208 3067 270 3149; x_wconf 89' lang='grc' dir='ltr'><strong><em>τῆν</em></strong></span> <span class='ocrx_word' id='word_1_211' title='bbox 288 3076 428 3148; x_wconf 76' lang='grc' dir='ltr'><strong><em>γυναῖκα</em></strong></span> <span class='ocrx_word' id='word_1_212' title='bbox 447 3073 503 3147; x_wconf 87' lang='grc' dir='ltr'><strong><em>τῆς</em></strong></span> <span class='ocrx_word' id='word_1_213' title='bbox 522 3064 656 3148; x_wconf 78' lang='grc' dir='ltr'><strong><em>ἐντολῆς</em></strong></span> <span class='ocrx_word' id='word_1_214' title='bbox 678 3076 737 3131; x_wconf 90' lang='grc' dir='ltr'><strong><em>τοῦ</em></strong></span> <span class='ocrx_word' id='word_1_215' title='bbox 751 3072 835 3131; x_wconf 88' lang='grc' dir='ltr'><strong><em>θεοῦ</em></strong></span> <span class='ocrx_word' id='word_1_216' title='bbox 858 3077 1117 3152; x_wconf 90' lang='grc' dir='ltr'><strong><em>καταφρονῆσαι,</em></strong></span> 
     </span>
     <span class='ocr_line' id='line_1_29' title="bbox 103 3168 1117 3260; baseline 0.005 -27"><span class='ocrx_word' id='word_1_217' title='bbox 103 3169 287 3255; x_wconf 90' lang='grc' dir='ltr'><strong><em>γευσαμένη</em></strong></span> <span class='ocrx_word' id='word_1_218' title='bbox 312 3168 349 3235; x_wconf 73' lang='grc' dir='ltr'><strong><em>δὲ</em></strong></span> <span class='ocrx_word' id='word_1_219' title='bbox 368 3181 427 3237; x_wconf 91' lang='grc' dir='ltr'><strong><em>τοῦ</em></strong></span> <span class='ocrx_word' id='word_1_220' title='bbox 446 3180 554 3254; x_wconf 91' lang='grc' dir='ltr'><strong><em>φυτοῦ</em></strong></span> <span class='ocrx_word' id='word_1_221' title='bbox 576 3169 630 3235; x_wconf 81' lang='grc' dir='ltr'><strong><em>καὶ</em></strong></span> <span class='ocrx_word' id='word_1_222' title='bbox 653 3171 795 3254; x_wconf 83' lang='grc' dir='ltr'><strong><em>ῆσθεϊσα</em></strong></span> <span class='ocrx_word' id='word_1_223' title='bbox 817 3181 862 3260; x_wconf 76' lang='grc' dir='ltr'><strong><em>τῷ</em></strong></span> <span class='ocrx_word' id='word_1_224' title='bbox 888 3170 1040 3257; x_wconf 83' lang='grc' dir='ltr'><strong><em>ἐδέσματι</em></strong></span> <span class='ocrx_word' id='word_1_225' title='bbox 1062 3172 1117 3239; x_wconf 81' lang='grc' dir='ltr'><strong><em>καὶ</em></strong></span> 
     </span>
     <span class='ocr_line' id='line_1_30' title="bbox 102 3274 1117 3364; baseline 0.002 -23"><span class='ocrx_word' id='word_1_226' title='bbox 102 3279 161 3341; x_wconf 89' lang='grc' dir='ltr'><strong><em>τὸν</em></strong></span> <span class='ocrx_word' id='word_1_227' title='bbox 184 3274 333 3361; x_wconf 68' lang='grc' dir='ltr'><strong><em>’Ἄδαμον</em></strong></span> <span class='ocrx_word' id='word_1_228' title='bbox 366 3276 537 3343; x_wconf 87' lang='grc' dir='ltr'><strong><em>ἀνέπεισεν</em></strong></span> <span class='ocrx_word' id='word_1_229' title='bbox 569 3277 657 3364; x_wconf 76' lang='grc' dir='ltr'><strong><em>αὐτῷ</em></strong></span> <span class='ocrx_word' id='word_1_230' title='bbox 691 3280 887 3363; x_wconf 87' lang='grc' dir='ltr'><strong><em>χρήσασθαι.</em></strong></span> <span class='ocrx_word' id='word_1_231' title='bbox 941 3280 1029 3362; x_wconf 84' lang='grc'>&lt;44&gt;</span> <span class='ocrx_word' id='word_1_232' title='bbox 1061 3278 1117 3344; x_wconf 82' lang='grc' dir='ltr'><strong><em>καὶ</em></strong></span> 
     </span>
     <span class='ocr_line' id='line_1_31' title="bbox 102 3376 1157 3467; baseline -0.004 -21"><span class='ocrx_word' id='word_1_233' title='bbox 102 3383 259 3448; x_wconf 92' lang='grc' dir='ltr'><strong><em>συνίεσάν</em></strong></span> <span class='ocrx_word' id='word_1_234' title='bbox 289 3379 325 3448; x_wconf 91' lang='grc' dir='ltr'><strong><em>θ’</em></strong></span> <span class='ocrx_word' id='word_1_235' title='bbox 360 3381 486 3449; x_wconf 84' lang='grc' dir='ltr'><strong><em>ἑαυτῶν</em></strong></span> <span class='ocrx_word' id='word_1_236' title='bbox 503 3376 579 3466; x_wconf 83' lang='grc' dir='ltr'><strong><em>Ιῆδη</em></strong></span> <span class='ocrx_word' id='word_1_237' title='bbox 607 3380 873 3466; x_wconf 88' lang='grc' dir='ltr'><strong><em>γεγυμνωμένων</em></strong></span> <span class='ocrx_word' id='word_1_238' title='bbox 900 3381 954 3448; x_wconf 83' lang='grc' dir='ltr'><strong><em>καὶ</em></strong></span> <span class='ocrx_word' id='word_1_239' title='bbox 977 3385 1038 3467; x_wconf 83' lang='grc' dir='ltr'><strong><em>τῆν</em></strong></span> <span class='ocrx_word' id='word_1_240' title='bbox 1066 3386 1117 3449; x_wconf 88' lang='grc' dir='ltr'><strong><em>αί-</em></strong></span> <span class='ocrx_word' id='word_1_241' title='bbox 1130 3403 1157 3443; x_wconf 82' lang='grc' dir='ltr'><strong><em>ιο</em></strong></span> 
     </span>
     <span class='ocr_line' id='line_1_32' title="bbox 174 3503 851 3571; baseline -0.001 -13"><span class='ocrx_word' id='word_1_242' title='bbox 174 3503 462 3570; x_wconf 73' lang='lat' dir='ltr'>§38=Gen.1110.</span> <span class='ocrx_word' id='word_1_243' title='bbox 537 3503 851 3571; x_wconf 71' lang='lat' dir='ltr'>§41Gen.1111.</span> 
     </span>
    </p>
   </div>
   <div class='ocr_carea' id='block_1_4' title="bbox 0 0 1241 3848">
    <p class='ocr_par' dir='ltr' id='par_1_4' title="bbox 0 0 1241 3848">
     <span class='ocr_line' id='line_1_33' title="bbox 0 0 1241 3848; baseline 0 0"><span class='ocrx_word' id='word_1_244' title='bbox 0 0 1241 3848; x_wconf 95' lang='lat' dir='ltr'><strong><em> </em></strong></span> 
     </span>
    </p>
   </div>
  </div>
 </body>
</html>
