2460 3848
108 159 174 224 202
480 159 755 214 ΑΡΧΑΙΟΛΟΓΙΑΣ
782 216 784 221 ,

109 323 339 406 μανθάνοντα·
364 323 428 406 <5>
447 321 557 399 δόξειν
575 344 609 386 τε
630 325 788 400 συνετοὺς
806 317 903 406 εἶναι,
922 323 954 386 εί
971 331 1029 407 τῆς
1049 322 1127 388 άλα-

108 430 237 507 ζονείας
262 427 365 492 αὐτοῦ
391 428 609 509 καταγνόντες
635 424 690 491 καὶ
718 437 762 514 τῷ
791 435 860 515 θεῷ
889 429 1127 506 πιστεύσαντες

109 537 295 618 κτήσασθαι
313 542 387 615 γῆν,
405 531 448 615 ῆν
462 531 575 609 αὐτοῖς
592 531 783 618 ὑπέσχηται,
801 536 1018 618 θελήσουσιν,
1043 534 1128 600 άλλδ

108 641 152 724 μῆ
180 648 225 726 τῷ
254 638 309 703 διά
338 639 399 721 τὴν
428 640 536 703 αίτίαν
563 641 686 724 ταύτην
714 636 763 704 ἐπ’
791 639 928 724 ὀνόματι
956 649 1017 705 τοῦ
1041 647 1127 706 θεοῦ

106 746 270 810 κωλύοντι
288 754 497 829 προσσχοῖεν.
543 745 606 829 <6>
624 747 686 830 τῆν
704 745 847 830 ἀπορίαν
871 741 933 810 οὖν
956 749 1151 831 λογιζόμεο

105 875 159 916 νοι
182 848 237 914 καὶ
260 851 320 933 τῆν
344 849 498 934 ἐρημίαν,
526 848 585 935 ὑφ’
612 845 651 934 ῆς
673 852 721 915 ἔτι
744 852 866 935 ταύτην
889 851 1002 928 αὐτοῖς
1025 857 1127 938 χείρω

108 954 304 1040 συνέβαινεν
318 952 404 1022 εἶναι
424 959 547 1039 δοκεῖν,
569 954 624 1021 ἐπὶ
642 959 704 1041 τῆν
721 959 804 1043 πρὸς
821 961 899 1034 τοὺς
914 962 1128 1038 Χαναναίους

106 1062 214 1147 μάχην
232 1058 318 1146 ἦσαν
337 1061 536 1148 ὡρμημένοι,
559 1065 721 1129 τὸνθεόν
738 1064 1006 1148 προστησάμενοι
1026 1082 1127 1152 στρα-

104 1172 225 1253 τηγόν,
255 1162 327 1234 ἀλλ’
354 1167 429 1253 οὐχὶ
451 1170 512 1253 τῆν
534 1170 623 1254 παρά
645 1177 706 1235 τοῦ
728 1167 917 1253 νομοθέτου
943 1176 1128 1256 συνεργίαν

104 1272 344 1359 περιμένοντες.
600 1286 603 1291 ’
1141 1301 1165 1340 ω

69 1400 86 1449 κ
109 1359 300 1464 ᾛὼς
319 1375 381 1447 οὖν
399 1376 488 1445 ταῦτ’
513 1380 651 1464 άμεινον
669 1379 782 1457 αὐτοῖς
800 1383 888 1466 ἐχειν
908 1383 1045 1466 ἔκριναν
1069 1382 1127 1449 καὶ

105 1498 174 1564 τοῖς
195 1490 365 1571 πολεμίοις
385 1485 545 1570 ἐπῆλθον,
568 1490 604 1552 οδ
624 1484 696 1570 μέν,
719 1486 761 1553 οὐ
778 1485 1041 1571 καταπλαγέντες
1064 1489 1126 1554 αὐ-

104 1605 171 1660 τῶν
198 1595 259 1678 τῆν
286 1594 411 1677 έφοδον
440 1590 519 1659 οὐδὲ
545 1594 607 1677 τῆν
635 1594 786 1677 πληθύν,
815 1597 977 1676 γενναίως
1000 1595 1126 1674 αὐτοὺς

105 1699 278 1784 ἐδέξαντο,
309 1710 376 1765 τῶν
409 1697 439 1765 δ’
466 1697 630 1787 Ἑβραίων
658 1698 914 1784 άποθνῆσκουσί
940 1722 974 1765 τε
1003 1700 1126 1767 πολλοὶ

106 1804 161 1871 καὶ
183 1808 220 1872 τὸ
244 1808 362 1871 λοιπὸν
382 1805 578 1890 στράτευμα,
600 1815 657 1889 τῆς
680 1806 850 1890 φάλαγγος
872 1806 982 1871 αὐτῶν
1006 1808 1126 1873 διαλυ-
1140 1830 1164 1870 15

105 1915 233 1995 θείσης,
255 1910 407 1995 ἀκόσμως
430 1912 635 1995 διωκόμενον
653 1914 700 1989 είς
722 1913 783 1996 τῆν
805 1914 1019 1997 παρεμβολὴν
1044 1930 1126 1979 συν-

106 2015 219 2103 έφυγε,
242 2016 306 2100 <8>
325 2014 444 2102 καὶτῷ
469 2013 546 2102 παρ’
568 2016 702 2095 ἐλπίδας
726 2021 929 2104 δυστυχῆσαι
952 2019 1125 2085 παντάπα-

106 2140 160 2189 σιν
179 2123 336 2209 ἀθυμοῦν
350 2119 451 2189 οὐδὲν
466 2124 512 2188 έτι
526 2126 670 2209 χρηστὸν
689 2126 886 2210 προσεδόκα,
905 2127 1124 2208 λογιζόμενον

105 2232 155 2297 ὅτι
178 2230 233 2298 καὶ
256 2241 357 2297 ταῦτα
380 2231 461 2295 κατὰ
489 2240 590 2316 μῆνιν
617 2237 702 2297 θεοῦ
725 2231 887 2313 πάθοιεν,
917 2229 1123 2316 προεξορμή-

105 2354 220 2415 σαντες
248 2335 300 2402 έπὶ
327 2340 386 2404 τὸν
414 2341 560 2421 πόλεμον
587 2345 644 2421 τῆς
667 2336 796 2402 ἐκείνου
821 2338 897 2422 δίχα
919 2338 1121 2420 βουλήσεως.
1136 2361 1162 2401 νο

68 2461 84 2508 3
171 2445 235 2526 <9>
258 2447 407 2525 Μωυσῆς
435 2439 472 2508 δέ
499 2447 577 2518 τοὺς
598 2439 665 2525 ίμὲν
693 2444 836 2519 οίκείους
863 2442 951 2527 ὁρῶν
974 2442 1039 2508 ὑπὸ
1063 2453 1122 2527 τῆς

89 2550 201 2631 ’ῆττης
218 2551 515 2632 καταπεπληγότας,
538 2549 746 2633 φοβούμενος
766 2545 802 2614 δέ
823 2550 867 2633 μὴ
890 2552 1121 2635 θαρρῆσαντες

105 2652 158 2718 ε’πὶ
181 2661 219 2736 τῆ
243 2656 318 2737 νίκη
347 2654 382 2717 oc
406 2651 557 2736 πολέμιοι
580 2652 635 2718 καὶ
664 2657 824 2738 μειζόνων
848 2653 1042 2741 ὀρεχθέντες
1065 2655 1115 2722 ἐπ’

105 2757 225 2833 αὐτοὺς
258 2759 411 2841 ἔλθοιεν,
443 2761 528 2842 ἔγνω
559 2761 630 2824 δεῖν
662 2762 723 2844 τῆν
751 2762 906 2847 στρατιάν
936 2762 1119 2846 ἀπαγαγεῖν

105 2861 301 2951 πορρωτέρω
329 2874 395 2945 τῶν
424 2868 623 2930 Χαναναίων
650 2868 697 2943 είς
724 2869 785 2951 τῆν
808 2870 950 2953 ἔρημον,
980 2867 1036 2933 καὶ
1058 2879 1119 2934 τοῦ
1135 2889 1161 2930 ει

106 2974 257 3056 πλῆθους
280 2967 513 3056 ἐπιτρέψαντος
541 2972 621 3038 αὑτὸ
643 2973 744 3038 πάλιν
769 2973 883 3062 ἐκείνω
916 2976 1000 3057 <10>
1025 2971 1119 3058 (συν-

104 3085 161 3160 ῆκε
194 3079 256 3164 γάρ
295 3080 370 3163 δίχα
401 3085 458 3160 τῆς
490 3077 593 3143 αὐτοῦ
623 3082 783 3176 πρρνοίας
814 3079 855 3145 οὐ
888 3081 1119 3163 δυνησόμενον

105 3181 272 3268 ἐρρῶσθαι
304 3194 373 3260 τοῖς
403 3181 607 3270 πράγμασιν)
644 3183 831 3268 άναστῆσας
863 3188 899 3250 τὸ
933 3186 1118 3270 στράτευμα

103 3292 275 3385 προῆλθεν
305 3291 352 3366 είς
383 3291 444 3373 τὴν
472 3292 616 3375 ἔρημον,
649 3289 795 3356 ἐνταῦθα
822 3294 965 3375 νομίζων
995 3290 1118 3374 ἡσυχά-

104 3411 175 3458 σειν
199 3393 321 3470 αὐτοὺς
342 3393 397 3460 καὶ
419 3397 464 3480 μῆ
487 3399 650 3481 πρότερον
673 3406 742 3472 τοῖς
761 3399 961 3473 Χαναναίοις
983 3398 1029 3473 είς
1052 3407 1118 3480 χεῖ-
1132 3417 1160 3456 εο

157 3515 364 3583 §6=Num.
384 3516 455 3574 XIV
471 3523 515 3576 45.
591 3515 941 3587 59=Num.ss¹1‘zb.
