2460 3848
126 149 191 215 253
494 149 767 203 AmeAorm

73 325 107 375 39
193 311 303 395 <289>
326 312 447 387 παῖδας
472 305 556 395 ὑπὲρ
584 308 714 385 ἀδικίας
735 308 886 394 πατέρων
909 309 954 392 μή
978 311 1158 396 κολάζειν,
1229 385 1230 392 χ

126 416 209 483 ἀλλὰ
242 418 298 483 διὰ
330 418 391 500 τήν
423 413 559 481 ἐκείνων
587 414 698 480 αὐτῶν
725 413 846 500 ἀρετήν
874 420 987 480 οῖκτου
1018 421 1159 499 μᾶλλον

126 521 242 601 ἀξιοῦν
261 523 311 588 ότι
329 527 510 607 μοχθηρῶν
530 519 683 604 ἐγένοντο
702 518 864 606 πατέρων,
882 520 903 607 ή
922 524 1047 604 μίσους
1066 524 1158 607 φύν-

126 653 184 707 τας
215 627 251 693 έκ
280 627 428 712 φαύλων.
473 622 554 691 οὐδέ
581 625 648 710 μήν
674 626 838 712 πατράσιν
867 627 951 691 υίῶν
980 624 1158 714 ἁμαρτίαν

126 731 318 818 λογιστέον,
340 742 407 797 τῶν
429 729 517 797 νέων
540 733 647 798 πολλὰ
669 733 758 818 παρὰ
781 734 842 816 τήν
864 729 1030 817 ἡμετέραν
1057 736 1184 800 διδα-ι

127 842 265 904 σκαλίαν
294 835 423 915 ἑαυτοῖς
451 837 694 925 ἐπιτρεπόντων
721 838 932 924 ὑπερηφανίᾳ
959 848 1022 904 τοῦ
1056 842 1159 905 διδά-

127 951 275 1010 σκεσδαι.

74 1068 108 1118 40
194 1050 304 1134 <290>
331 1050 476 1134 γάλλους
503 1049 718 1136 ἐκτρέπεσθαι
745 1047 800 1116 καὶ
830 1052 977 1116 σύνοδον
1006 1053 1158 1135 φεύγειν

127 1157 188 1240 τήν
215 1156 295 1240 μετὰ
322 1167 388 1222 τῶν
416 1155 633 1241 ἀφελομένων
662 1157 784 1233 αὑτούς
810 1160 848 1222 τὸ
875 1159 977 1243 ἀρρεν
1005 1155 1158 1225 καὶτὸν

127 1271 184 1346 τής
215 1262 426 1338 παιδοποιίας
452 1263 601 1348 καρπόν,
630 1261 670 1327 ὃν
701 1261 894 1348 ἀνθρώποις
927 1259 976 1327 ἐπ’
1009 1262 1157 1348 αὐξήσει
1172 1282 1194 1322 1⁰

127 1376 188 1433 τοῦ
206 1365 325 1451 γένους
342 1366 436 1451 ήμῶν
456 1367 474 1433 δ
492 1370 573 1444 θεὸς
594 1365 767 1454 παρέσχεν.
813 1367 966 1434 ἐλαύνειν
986 1366 1016 1432 δ’
1043 1371 1158 1449 οὕτως

129 1474 173 1551 ὡς
195 1471 248 1539 ἐπὶ
271 1471 396 1538 τέκνων
420 1481 529 1558 σφαγή
557 1471 613 1538 καὶ
641 1476 725 1559 πρὸς
746 1475 852 1563 τούτῳ
876 1473 1091 1553 ἀπολλύντας
1114 1480 1156 1543 τὸ

128 1579 265 1645 ἐκείνων
287 1587 407 1647 αἴτιον·
431 1579 541 1663 <291>
555 1580 659 1663 δῆλον
678 1580 741 1665 γάρ
761 1579 805 1656 ὡς
822 1589 880 1662 τής
901 1588 1009 1666 ψυχῆς
1032 1581 1156 1661 αὐτοῖς

128 1683 376 1770 τεθηλυσμένης
394 1689 678 1769 μετεκοσμήσαντο
693 1688 776 1771 πρὸς
793 1695 892 1751 τοῦτο
910 1684 965 1751 καὶ
984 1688 1021 1752 τὸ
1043 1699 1154 1772 σῶμα.

129 1791 250 1875 ὁμοίως
278 1787 315 1855 δὲ
341 1788 397 1859 καί
424 1800 490 1855 πῖιν
517 1793 555 1856 τὸ
582 1794 800 1878 νομιζόμενον
823 1790 918 1878 τέρας
939 1803 1013 1868 τοῖς
1032 1793 1154 1879 ὁρῶσι.
1169 1812 1194 1853 1⁶

129 1898 173 1981 μή
203 1896 325 1974 ἐξεῖναι
353 1892 390 1960 δέ
417 1906 525 1962 ποιεῖν
550 1895 716 1980 ἐκτομίας,
743 1894 816 1981 μήτ’
843 1896 1050 1983 ἀνθρώπους
1075 1903 1161 1984 μήτε

21 2077 23 2082 ,
129 2013 197 2067 τῶν
220 2003 331 2067 ἀλλων
356 1998 457 2089 ζῴων.

75 2125 108 2174 41
195 2110 305 2194 <292>
337 2108 420 2194 αὕτη
453 2105 514 2195 μὲν
547 2105 608 2176 οὖν
640 2109 721 2194 ὑμῖν
752 2112 900 2196 εἰρηνική
932 2121 999 2175 τῶν
1029 2114 1154 2195 νόμων

129 2218 210 2280 κατὰ
228 2218 289 2302 τήν
308 2218 478 2282 πολιτείαν
497 2216 643 2294 διάταξις
665 2217 759 2300 έστω,
782 2214 836 2280 καὶ
861 2215 878 2281 ὁ
902 2218 981 2292 θεὸς
1004 2216 1153 2304 εὐμενής

130 2321 348 2388 ἀστασίαστον
376 2322 476 2405 αὐτής
503 2324 562 2388 τὸν
588 2324 714 2406 κόσμον
743 2319 928 2407 παρεξεται·
952 2320 1085 2405 γένοιτο
1111 2322 1152 2392 δὲ
1166 2346 1193 2386 ω

130 2431 249 2512 χρόνος
280 2423 364 2511 μηδὲ
394 2419 441 2502 εἷς
470 2426 506 2502 ὃς
535 2433 677 2493 καινίσει
705 2452 736 2492 τι
763 2429 890 2494 τούτων
918 2425 973 2492 καὶ
1002 2431 1087 2513 πρὸς
1111 2435 1152 2498 τὸ

131 2531 283 2597 ἐναντίον
301 2535 485 2616 μεταβαλεῖ.
531 2532 641 2616 <293>
659 2530 729 2597 ἐπεὶ
749 2530 778 2596 δ’
803 2532 928 2618 ἀνάγκη
951 2536 988 2599 τὸ
1012 2532 1151 2621 ἀνθρώ-

130 2656 229 2700 πινον
256 2633 311 2700 καὶ
338 2637 386 2712 είς
413 2635 617 2721 ἀβουλήτους
640 2637 660 2720 ή
683 2639 765 2702 κατὰ
787 2642 982 2725 προαίρεσιν
1004 2644 1153 2727 ταραχὰς

130 2737 185 2806 καὶ
207 2741 387 2817 κινδύνους
410 2740 579 2826 ἐμπεσεῖν,
601 2739 681 2828 φέρε
705 2740 759 2807 καὶ
782 2741 857 2829 περὶ
879 2746 999 2810 τούτου
1023 2747 1152 2833 βραχέα

131 2845 440 2934 προσδιατάξωμεν,
470 2848 514 2924 ὡς
541 2847 583 2914 ἀν
612 2850 801 2935 προειδότες
831 2849 851 2914 ά
880 2852 943 2937 χρή
971 2863 1080 2916 ποιεῖν
1111 2854 1150 2920 έν
1165 2874 1192 2915 ει

132 2964 169 3040 τή
193 2958 286 3042 χρείη
308 2964 375 3018 τῶν
404 2956 575 3039 σωτηρίων
605 2955 780 3041 εὐπορήτε,
806 2952 862 3020 καὶ
885 2958 929 3041 μή
953 2960 1025 3023 τότε
1050 2957 1070 3022 ἃ
1097 2961 1154 3025 δεῖ

132 3074 241 3127 ποιεῖν
272 3059 498 3146 ἐπιζητοῦντες
534 3059 758 3147 ἀπαράσκευοι
794 3073 862 3138 τοῖς
898 3075 1023 3149 καιροῖς
1054 3084 1150 3150 περι·

132 3165 259 3253 πέσητε.

199 3274 308 3357 <294>
332 3282 394 3358 γήν
417 3273 459 3356 ήν
483 3272 562 3357 ὑμῖν
581 3274 599 3338 ὁ
617 3276 697 3351 θεὸς
719 3277 821 3339 ἔδωκε
844 3278 958 3339 πόνων
982 3299 1151 3361 καταφρο-

132 3388 230 3444 νοῦσι
259 3376 315 3475 καὶ
343 3381 451 3466 ψυχὰς
480 3381 562 3466 πρὸς
591 3378 711 3465 ἀρετήν
739 3378 951 3464 ἠσκημένοις,
979 3379 1151 3464 ἀπόλεμον
1166 3406 1195 3446 ω

190 3506 210 3569 §
228 3507 285 3558 289
299 3530 334 3552 =
348 3501 465 3562 Denter.
486 3498 577 3559 XXIV
593 3505 637 3557 16.
733 3506 821 3567 §m
835 3500 997 3554 εὓεολει.
1011 3500 1108 3552 xm
1125 3513 1153 3559 ι.
