2460 3848
525 139 691 192 υυυεΡυΗ
1047 138 1110 204 237

97 307 191 382 σθαι,
213 301 342 375 τούτοις
359 304 579 384 πειθαρχεῖτε,
602 299 656 365 καὶ
675 302 754 385 μήτε
775 303 927 384 νομίμων
945 311 1012 366 τῶν
1030 322 1112 385 παρ-

98 409 207 472 όντων
229 407 335 489 άλλην
356 407 576 492 προτιμήσητε
601 404 760 490 διάταξιν,
783 403 856 490 μήτ’
884 406 1053 491 εὐσεβείας
1075 401 1114 489 ής

97 521 161 578 νῦν
183 511 259 598 περὶ
282 514 342 578 τὸν
364 514 448 578 θεὸν
478 515 582 598 έχετε,
609 514 919 599 καταφρονήσαντες
941 514 988 590 είς
1011 513 1114 579 άλλον

97 621 345 703 μεταστήσησθε
373 622 507 704 τρόπον.
553 629 656 685 ταῦτα
683 616 721 685 δὲ
748 619 945 706 πράττοντες
972 618 1114 703 ἀλκιμώ-

70 742 189 791 ττατοι
220 726 326 811 μάχας
358 727 540 807 διενεγκεῖν
572 723 727 791 ἁπάντων
760 728 876 790 ἔσεσθε
909 724 965 790 καλ
996 725 1115 811 μηδενί

98 841 164 896 τῶν
183 829 317 918 έχθρῶν
337 829 510 895 εὐάλωτοι·
533 829 643 915 <182>
663 837 748 896 θεοῦ
767 832 830 918 γδιρ
848 835 1012 917 παρόντος
1033 832 1115 916 ὑμῖν

97 940 248 1020 βοηθοῦ,
270 935 405 1000 πάντων
427 946 643 1021 περιφρονεῖν
666 927 816 1018 εὐλογον.
860 944 918 1019 τῆς
941 936 970 1002 δ’
999 937 1116 1024 ἀρετῆς

98 1045 228 1107 ἔπαθλα
246 1041 327 1125 ὑμῖν
346 1041 471 1124 μεγάλα
491 1051 596 1106 κεῖται
613 1043 696 1126 πρὸς
713 1043 842 1107 ἅπαντα
860 1045 918 1108 τὸν
941 1047 1017 1127 βίον
1039 1068 1115 1129 κτη-

99 1145 266 1231 σαμένοις·
295 1146 376 1231 αὐτη
404 1145 445 1231 γέ
464 1171 516 1212 τοι
539 1158 671 1232 πρῶτον
694 1135 834 1229 ἀγαθῶν
855 1150 893 1214 τὸ
916 1147 1115 1234 πρέσβιστόν

58 1272 84 1312 ιο
99 1253 201 1336 ἐστιν,
225 1255 335 1318 ἔπειτα
353 1252 409 1318 καλ
427 1256 487 1337 τήν
506 1264 575 1319 τῶν
593 1255 704 1318 άλλων
723 1257 885 1340 χαρίζεται
907 1260 1115 1340 περιουσίαν,

99 1360 209 1443 <183>
240 1361 284 1437 ὡς
313 1358 368 1425 καὶ
401 1363 484 1447 πρὸς
515 1358 680 1443 ἀλλήλους
709 1358 790 1443 ὑμῖν
819 1357 1001 1444 χρωμένοις
1033 1362 1115 1446 αὐτή

99 1469 302 1551 μακαριστὸν
316 1475 451 1550 ποιῆσαι
465 1467 524 1532 τὸν
539 1469 616 1549 βίον
634 1463 690 1530 καὶ
707 1475 776 1529 τῶν
795 1463 996 1549 ἀλλοφύλων
1013 1464 1116 1531 πλέον

100 1570 350 1656 δοξαζομένους,
369 1571 528 1658 ἀδήριτον
542 1595 577 1637 τε
590 1572 679 1656 παρὰ
692 1581 761 1647 τοῖς
775 1566 876 1646 αὐθις
888 1571 950 1654 τήν
964 1571 1116 1636 εὔκλειαν

98 1679 179 1762 ὑμῖν
198 1677 350 1764 ὑπάρξαι.
387 1676 564 1744 τούτωνδ’
589 1677 630 1743 δν
654 1675 829 1762 ἐφικέσθαι
853 1678 1064 1761 δυνηθείητε,
1087 1679 1118 1741 εί

58 1802 85 1843 15
98 1796 166 1850 τῶν
192 1788 325 1868 νόμων,
355 1784 414 1860 οὓς
440 1783 732 1870 ὑπαγορεύσαντός
758 1797 815 1869 μοι
842 1793 902 1849 τοῦ
929 1790 1015 1849 θεοῦ
1038 1800 1117 1849 συν·

99 1888 273 1975 εταξάμην,
296 1893 451 1974 κατήκοοι
465 1888 521 1954 καλ
534 1890 679 1975 φύλακες
697 1888 853 1973 γένοισθε
867 1889 921 1956 καὶ
935 1887 1116 1978 μελετῴητε

99 1999 160 2080 τήν
189 1997 325 2061 σύνεσιν
352 1996 471 2060 αὐτῶν.
517 1995 629 2081 <184>
656 1997 769 2081 άπειμι
799 1994 832 2062 δ’
864 1997 964 2074 αὐτὸς
990 2000 1116 2083 χαίρων

100 2101 153 2167 ἐπὶ
172 2113 242 2177 τοῖς
259 2099 431 2188 ὑμετέροις
448 2101 601 2186 ἀγαθοῖς,
619 2099 882 2188 παρατιθέμενος
898 2103 985 2187 ὑμᾶς
1001 2106 1116 2188 νόμων

99 2232 135 2273 τε
158 2209 361 2294 σωφροσύνη
384 2206 439 2272 καὶ
466 2211 579 2297 κόσμῳ
606 2217 664 2291 τῆς
692 2213 858 2287 πολιτείας
880 2208 934 2274 καὶ
957 2222 1027 2287 ταῖς
1049 2221 1117 2275 τῶν

60 2333 87 2372 20
102 2325 294 2399 στρατηγῶν
309 2313 450 2401 ἀρεταῖς,
468 2318 504 2380 οἳ
515 2318 678 2401 πρόνοιαν
693 2315 825 2394 ἕξουσιν
843 2317 938 2400 ὑμῶν
956 2327 1016 2382 τοῦ
1035 2332 1117 2400 συμ-

100 2417 270 2506 φέροντος.
322 2420 432 2505 <185>
457 2424 539 2497 θεός
564 2444 599 2485 τε
627 2421 645 2486 δ
675 2419 770 2507 μέχρι
799 2432 864 2488 νῦν
893 2422 1117 2507 ἡγεμονεύσας

98 2527 210 2612 ὑμῶν,
238 2525 317 2593 καθ’
345 2523 386 2593 οὗ
413 2528 576 2612 βούλησιν
602 2527 692 2611 κάγὼ
722 2530 881 2615 χρήσιμος
902 2531 983 2614 ὑμῖν
1007 2526 1117 2611 ἐγενό-

100 2657 177 2717 μην,
201 2633 242 2699 οὐ
266 2632 360 2720 μέχρι
383 2642 444 2699 τοῦ
463 2634 564 2719 δεῦρο
587 2633 668 2717 ὑμῖν
691 2637 803 2719 στήσει
825 2637 887 2718 τὴν
910 2635 1014 2701 αὑτοῦ
1036 2638 1143 2721 πρό,

100 2764 216 2824 νοιαν,
246 2738 318 2805 ἀλλ’
346 2738 398 2825 ἐφ’
426 2740 507 2806 ὅσον
537 2739 632 2806 αὐτοὶ
659 2742 824 2824 βούλεσθε
851 2746 975 2827 χρόνον
997 2751 1117 2806 τοῦτον

62 2861 89 2901 2⁵
103 2847 190 2930 ἔχειν
213 2846 402 2932 προστάτην
425 2845 461 2911 έν
489 2856 558 2923 τοῖς
586 2855 643 2930 της
665 2846 782 2933 ἀρετής
805 2847 1039 2931 ἐπιτηδεύμασι
1062 2845 1117 2929 μέ-

100 2975 231 3036 νοντες,
259 2951 313 3017 ἐπὶ
343 2961 503 3018 τοσοῦτον
533 2952 636 3018 αὐτοῦ
663 2956 827 3039 χρήσεσθε
857 2961 897 3036 τή
919 2954 1116 3037 προμηθείᾳ.

100 3056 211 3139 <186>
234 3060 367 3142 γνώμας
388 3055 424 3122 θ’
450 3058 532 3142 ύμῖν
556 3061 787 3142 εἰσηγήσονται
811 3059 868 3134 τδις
891 3056 1043 3143 ἀρίστας,
1066 3048 1118 3132 αἷς

101 3159 259 3246 ἑπόμενοι
282 3164 344 3247 τήν
367 3164 584 3248 εὐδαιμονίαν
607 3162 708 3248 ἕξετε,
739 3163 758 3228 δ
781 3162 952 3248 ἀρχιερεὺς
970 3159 1082 3240 Ἐλεάζ
1103 3202 1117 3211 -

101 3292 160 3351 ρος
178 3267 233 3334 καὶ
248 3268 378 3354 Ἰησοῦς
395 3271 416 3352 ή
435 3293 470 3335 τε
489 3273 647 3355 γερουσία
665 3267 721 3333 καὶ
739 3270 779 3333 τὰ
797 3267 873 3353 τέλη
896 3280 963 3334 τῶν
985 3274 1116 3354 φυλῶν·

61 3392 88 3431 30
103 3368 151 3438 ὧν
174 3374 341 3460 ἀκροᾶσθε
366 3377 410 3458 μὴ
433 3380 597 3460 χαλεπῶς,
624 3375 842 3457 γινώσκοντες
870 3374 920 3439 ὅτι
935 3377 1062 3453 7πάντες
1085 3378 1120 3441 οί

173 3501 188 3560 5
208 3501 259 3549 182
275 3522 308 3540 =
323 3495 436 3550 Deuter.
454 3495 494 3550 IV
514 3501 556 3551 23.
