2460 3848
72 150 136 215 142
439 152 712 205 Αεαειοκουιεε

71 309 147 399 μηδ’
171 313 222 378 ὅτι
239 324 304 380 νῦν
322 320 477 395 πονοῦσι,
498 318 555 395 Ιτής
578 312 728 388 διανοίας
751 308 923 394 ἐκβάλλειν
947 311 1010 387 τὰς
1033 320 1097 379 τοῦ

68 427 153 487 θεοῦ
179 421 316 506 χάριτας
342 416 397 484 καὶ
420 417 562 504 δωρεάς,
589 411 638 482 ὧν
665 416 817 501 μεγάλων
844 413 899 481 καὶ
921 414 960 481 έκ
981 437 1095 504 παρα-

69 527 170 606 δόξου
194 529 311 610 ἔτυχον
339 520 545 607 γενομένων,
571 523 763 607 προσδοκᾶν
786 517 824 586 δέ
846 517 982 605 καὶτῆς
1005 542 1094 608 παρ-

69 634 171 716 ούσης
193 630 386 714 ἀπαλλαγήν
410 627 592 714 ἀμηχανίας
619 627 654 692 ε’κ
676 635 735 712 τής
755 636 816 693 τοῦ
837 628 1094 712 θεοῦκηδεμο

60 741 158 823 νίας,
191 736 278 821 <15>
306 736 346 801 ὃν
375 737 462 811 είκὸς
490 733 707 818 δοκιμάζοντα
735 734 797 818 τήν
820 731 941 817 ἀρετήν
964 733 1120 820 αῦτῶν,ε

68 854 137 921 πώς
159 866 193 908 τε
212 846 384 928 καρτερίας
401 844 514 926 ἔχουσι
534 838 590 906 καὶ
612 843 742 925 μνήμης
764 849 831 904 τῶν
853 839 1092 926 προϋπηργμέ-

68 974 150 1033 νων,
173 950 205 1013 εί
221 950 266 1033 μή
284 949 367 1031 πρὸς
386 945 495 1012 ἐκεῖνα
517 949 664 1030 γίνοιντο
688 945 744 1010 διδ
766 945 806 1010 ιδ
830 943 867 1025 έν
889 943 969 1010 ποσὶ
990 947 1093 1032 κακά,

69 1055 246 1140 γυμνάζειν
265 1053 386 1129 αὐτοὺς
403 1062 472 1129 τοῖς
494 1053 568 1136 άρτι
590 1056 756 1137 χαλεποῖς·
781 1051 865 1134 <16>
890 1048 1091 1137 ἐλέγχεσθαι

69 1159 99 1227 δ’
127 1161 248 1238 αὐτοὺς
271 1160 332 1226 οὐκ
355 1158 504 1242 ἀγαθοὺς
527 1159 603 1224 οῦτε
627 1156 703 1245 περὶ
725 1160 786 1243 τήν
808 1157 985 1242 ὑπομονήν
1008 1159 1090 1225 οὔτε

68 1265 145 1352 περὶ
173 1269 234 1352 τήν
264 1267 397 1350 μνήμην
427 1274 494 1329 τών
521 1259 560 1330 εὖ
589 1267 797 1348 γεγονότων,
829 1263 915 1329 οὕτω
937 1259 1002 1348 μὲν
1026 1276 1089 1334 τοῦ
1103 1283 1127 1325 10

68 1380 153 1439 θεοῦ
171 1371 227 1438 καὶ
244 1381 301 1457 τής
319 1370 449 1437 ἐκείνου
467 1372 612 1456 γνώμης,
635 1367 712 1436 καθ’
735 1370 778 1454 ήν
797 1369 1007 1436 ἐκλελοίπασι
1026 1374 1090 1456 τήν

69 1484 256 1563 Αῖγυπτον,
283 1487 589 1563 καταφρονοῦντας,
619 1477 706 1543 οὕτω
734 1472 772 1540 δέ
794 1479 876 1562 πρὸς
899 1475 1004 1545 αὐτὸν
1027 1481 1089 1545 τδν

69 1585 235 1671 ὑπηρέτην
258 1585 361 1651 αὐτοῦ
384 1581 608 1667 διατεθέντας,
632 1580 812 1648 καὶταῦτα
835 1577 939 1666 μηδὲν
964 1583 1090 1662 αὐτοὺς

69 1692 337 1776 διαψευσάμενον
368 1688 445 1776 περὶ
477 1685 524 1755 ών
557 1695 644 1754 εῖποι
675 1712 710 1753 τε
743 1686 798 1753 καὶ
828 1687 985 1774 πράττειν
1011 1688 1086 1756 κατ’

70 1798 207 1881 ἐντολήν
230 1805 289 1861 τοῦ
311 1803 396 1862 θεοῦ
419 1796 592 1861 κελεύσειε.
639 1794 725 1878 <17>
749 1799 948 1879 καταριθμεῖ
968 1791 998 1859 τ’
1025 1790 1092 1864 οὖν
1105 1813 1128 1855 ιε

68 1904 195 1985 πάντα,
226 1911 296 1979 πώς
326 1924 360 1966 τε
390 1908 553 1988 φθαρεῖεν
581 1901 760 1984 Αἰγύπτιοι
786 1897 934 1985 κατέχειν
964 1901 1090 1981 αὐτοὺς

68 2010 157 2095 παρὰ
179 2009 240 2093 τήν
263 2018 323 2074 τοῦ
346 2013 430 2073 θεοῦ
454 2008 590 2091 γνώμην
614 2009 814 2091 βιαζόμενοι,
837 2004 892 2072 καὶ
915 2010 992 2072 τίνα
1013 2013 1093 2095 τρό-

68 2138 133 2183 πον
151 2117 169 2184 ό
189 2116 287 2194 αὐτὸς
304 2117 449 2199 ποταμὸς
468 2112 606 2191 ἐκείνοις
625 2109 686 2198 μὲν
709 2104 789 2197 αἷμα
811 2107 854 2196 ήν
876 2110 933 2178 καὶ
954 2113 1091 2201 άποτος,

69 2225 181 2302 αὐτοῖς
208 2219 246 2289 δὲ
271 2226 409 2307 πότιμος
435 2220 490 2286 καὶ
518 2222 660 2305 γλυκύς,
692 2220 778 2303 <18>
802 2231 871 2295 πῶς
892 2241 927 2283 τε
951 2220 1010 2284 διά
1032 2229 1092 2305 τής

67 2331 256 2413 θαλάττης,
289 2328 540 2413 ἀναφενγοόσης
568 2327 690 2403 αὐτοὺς
717 2324 936 2412 πορρωτάτω,
963 2329 1088 2412 καινήν
1101 2345 1126 2386 ιο

70 2434 151 2499 ὁδὸν
183 2433 386 2510 ἀπελθόντες
418 2432 499 2516 αὐτή
531 2433 634 2517 ταότη
668 2435 857 2516 σωθείησαν
889 2427 950 2516 μὲν
979 2433 1091 2518 αὐτοί,

68 2541 146 2613 τοὺς
174 2535 203 2601 δ’
232 2537 374 2622 ἐχθροὺς
402 2536 549 2602 ἐπίδοιεν
579 2535 808 2623 ἀπολωλότας,
838 2538 889 2603 ότι
911 2560 946 2602 τε
969 2543 1091 2604 σπανί-

71 2646 182 2722 ζοντας
210 2642 322 2707 όπλων
350 2644 396 2719 είς
423 2642 582 2726 εὐπορίαν
614 2642 631 2708 6
659 2645 739 2719 θεὸς
760 2642 816 2708 καὶ
838 2645 966 2709 τούτων
988 2666 1090 2709 κατα-

70 2752 230 2834 στήσειεν,
253 2749 293 2812 τά
307 2746 333 2812 τ’
353 2750 437 2814 ἀλλα
451 2749 513 2813 ὅσα
525 2752 608 2833 πρὸς
626 2749 714 2837 αὐτῷ
729 2758 774 2836 τοῦ
791 2750 1089 2835 διαφθαρήσεσθαι

70 2854 228 2936 δόξαντας
250 2852 423 2940 γεγονέναι
447 2853 502 2921 καὶ
526 2857 663 2921 σώσειεν
687 2855 704 2922 6
728 2857 808 2932 θεὸς
832 2854 867 2921 ἐκ
890 2859 1085 2941 παραλόγου
1102 2871 1127 2914 2⁵

68 2961 123 3028 καὶ
146 2964 190 3040 ώς
209 2964 350 3046 δύναμις
373 2962 462 3049 αὐτῷ
479 3011 486 3026 .
502 3010 532 3026 ..
557 2962 644 3047 <19>
669 2962 910 3046 ἀπογινώσκειν
934 2963 975 3046 δή
1000 2959 1087 3046 μηδὲ

69 3079 134 3134 νῦν
161 3069 264 3134 αὐτοῦ
290 3069 352 3150 τήν
378 3071 559 3153 πρόνοιαν,
589 3065 659 3133 ἀλλ’
688 3066 856 3151 ἀοργήτως
883 3064 1088 3152 περιμένειν,

69 3171 300 3258 λογιζομένους
323 3169 383 3258 μὲν
401 3175 463 3256 τήν
486 3171 678 3258 ἐπικουρίαν
704 3168 788 3258 μηδὲ
810 3175 971 3257 βραδεῖαν
993 3172 1088 3256 γενέ-

69 3286 162 3361 σθαι,
185 3281 216 3343 εί
237 3281 281 3364 μή
304 3284 501 3365 παραυτίκα,
523 3281 602 3362 πρίν
626 3301 717 3354 τινος
738 3285 940 3364 πειραθήναι
963 3279 1088 3344 δυσκό-

68 3390 141 3471 λου,
163 3386 332 3471 πάρεστιν,
354 3383 561 3470 ἡγουμένους
584 3381 614 3448 δ’
643 3385 683 3449 οὐ
706 3381 776 3449 κατ’
803 3383 984 3469 ὀλιγωρίαν
1008 3382 1086 3468 μέλ-
1100 3404 1127 3445 εο

119 3508 351 3574 §11=Exod.
371 3509 441 3567 XVI
459 3515 484 3566 6.

436 3742 553 3770 -n
