2460 3848
96 114 164 181 334
378 115 651 168 AquOAomz
669 113 829 165 nnuma

96 279 160 362 γάρ
176 279 296 354 ἱκανῶς
309 278 349 341 τὰ
366 277 455 362 παρά
468 277 529 359 τήν
542 275 747 360 προσδοκίαν
762 275 977 358 συντυχόντα
993 273 1126 363 δεινά)·

97 384 207 467 <359>
231 385 275 461 ὡς
299 380 336 448 δέ
358 381 413 448 καὶ
440 383 501 465 τήν
529 383 672 466 κιβωτὸν
694 382 838 464 ήκουσεν
860 376 1129 466 ᾐχμαλωτίσθαι
1157 382 1169 417 ·“

95 493 181 576 πρὸς
198 503 265 557 τῶν
282 493 460 573 πολεμίων,
481 487 547 554 ὑπὸ
565 498 626 554 τοῦ
648 483 725 573 παρ’
744 484 879 563 ἐλπίδας
901 487 998 576 αὐτῷ
1023 498 1127 555 τοῦτο
1162 474 1167 499 ²

98 606 298 683 προσπεσεῖν
311 597 543 680 περιαλγήσας,
566 591 803 670 ἀποκυλισθεὶς
821 591 886 659 ἀπὸ
905 604 971 660 τοῦ
990 598 1128 679 θρόνου

98 708 252 788 τελευτᾷ,
281 701 366 766 ὀκτὼ
393 698 448 764 καὶ
476 698 676 784 ἐνενήκοντα
701 700 825 782 βιάσας
854 701 909 782 ἔτη
933 699 979 764 τὰ
1003 701 1149 784 πάντα,5

98 806 154 872 καὶ
177 807 304 872 τούτων
326 805 366 871 τά
389 805 626 891 τετταράκοντα
648 806 821 890 κατασχὼν
842 805 905 888 τήν
928 802 1054 890 ἀρχήν.

65 928 83 977 4
168 911 277 994 <360>
300 914 440 996 θνήσκει
464 908 501 976 δὲ
523 908 593 977 κατ’
625 910 756 996 ἐκείνην
782 910 844 994 τήν
866 907 1000 995 ἡμέραν
1024 910 1126 996 καλή

102 1014 266 1083 Φινεέσου
289 1028 349 1083 τοῦ
377 1018 496 1094 παιδὸς
518 1019 621 1101 γυνή,
652 1018 696 1100 μή
727 1016 960 1102 καρτερήσασα
987 1019 1048 1100 ζῆν
1075 1017 1127 1083 ἐπὶ

99 1131 139 1207 τῇ
162 1119 304 1208 τάνδρὸς
326 1126 495 1211 δυστυχία.
540 1123 668 1209 κυούσῃ
686 1123 749 1207 γὰρ
773 1121 855 1206 αὐτή
878 1123 1125 1208 προσηγγέλθη

100 1230 138 1294 τὸ
152 1227 228 1314 περὶ
241 1232 300 1295 τὸν
313 1230 420 1315 άνδρα
433 1228 553 1311 πάθος,
575 1231 675 1293 τίκτει
695 1225 724 1292 δ’
744 1225 988 1311 ἑπταμηνιαῖον
1008 1233 1126 1314 παῖδα,
1138 1242 1157 1284 1⁰

100 1333 142 1400 ὃν
164 1333 220 1400 καὶ
243 1337 384 1419 ζήσαντα
408 1332 559 1420 Ἰοχάβην
586 1337 860 1419 προσηγόρευσαν
884 1331 1063 1418 (σημαίνει
1089 1333 1122 1401 δ’

102 1439 238 1520 ἀδοξίαν
251 1441 411 1524 τοῦνομα)
427 1441 482 1505 διά
496 1441 557 1523 τήν
570 1450 824 1525 προσπεσοῦσαν
848 1439 1035 1507 δύσκλειαν
1050 1444 1124 1507 τότε

101 1555 146 1634 τῷ
171 1555 308 1634 στρατῷ.

67 1671 83 1720 5
170 1652 279 1736 (361)
302 1647 379 1737 ήρξε
403 1648 440 1716 δὲ
463 1662 591 1736 πρῶτος
609 1649 701 1716 Ἠλεὶ
721 1647 901 1735 Ἰθαμάρου
921 1657 981 1732 τῆς
1006 1650 1124 1740 ἑτέρου

102 1768 169 1822 τῶν
188 1755 353 1843 Ἀαρῶνος
374 1758 459 1822 υἱῶν
482 1759 599 1834 οίκίας·
622 1757 642 1840 ή
666 1757 729 1841 γάρ
750 1753 944 1841 Ἐλεαζάρου
968 1758 1064 1822 οἱκία
1087 1762 1124 1826 τὸ
1136 1769 1155 1810 1⁵

102 1873 235 1948 πρῶτον
267 1863 397 1948 ἱερᾶτο,
429 1873 505 1939 παῖς
533 1864 621 1947 παρά
648 1864 771 1948 πατρὸς
798 1861 1032 1946 ἐπιδεχόμενοι
1062 1867 1125 1949 τήν

103 1970 210 2052 τιμήν.
243 1968 368 2044 ἐκεῖνός
385 1991 419 2033 τε
441 1965 583 2054 Φινεέση
602 1977 647 2055 τῷ
662 1967 756 2033 παιδὶ
775 1968 877 2033 αὐτοῦ
895 1970 1126 2054 παραδίδωσι,

102 2074 212 2159 <362>
236 2071 312 2160 μεθ’
346 2074 386 2139 δν
415 2070 595 2159 Ἀβιεζέρης
624 2074 697 2150 υἱὸς
727 2075 775 2139 ὢν
802 2073 905 2139 αὐτοῦ
933 2075 997 2157 τήν
1022 2079 1126 2162 τιμήν

62 2188 63 2191 ’
104 2182 307 2265 παραλαβὼν
330 2177 424 2245 παιδὶ
447 2179 550 2245 αὑτοῦ
567 2177 673 2244 Βουκὶ
695 2180 842 2263 τοῦνομα
865 2179 969 2263 αὐτήν
991 2182 1126 2248 κατέλι-

103 2307 178 2371 πεν,
200 2287 276 2373 παρ’
304 2282 345 2353 οὗ
373 2283 539 2363 διεδέξατο
553 2284 642 2364 ’Όζις
669 2285 742 2361 υἱὸς
765 2286 828 2368 ὥν,
855 2279 931 2367 μεθ’
960 2284 1000 2349 δν
1030 2285 1158 2355 Ἠλεὶ20

105 2395 180 2478 ἔσχε
203 2395 264 2477 τήν
288 2392 490 2477 ἱερωσύνην,
512 2390 588 2476 περὶ
611 2387 652 2457 οὗ
675 2400 739 2456 νῦν
762 2386 805 2474 ήν
829 2390 846 2456 ὁ
871 2392 1064 2475 λόγος,καὶ
1087 2399 1125 2462 τὸ

104 2495 203 2580 γένος
224 2501 261 2564 τὸ
286 2494 340 2562 ἀπ’
368 2497 496 2563 ἐκείνου
520 2496 615 2582 μέχρι
637 2508 704 2563 τῶν
727 2497 809 2562 κατά
832 2499 893 2581 τήν
916 2501 1127 2582 Σολομῶνος

107 2607 278 2686 βασιλείαν
296 2615 430 2688 καιρῶν.
475 2605 548 2667 τότε
567 2600 597 2666 δ’
621 2605 656 2669 οἱ
672 2602 866 2689 Ἐλεαζάρου
889 2602 990 2667 πάλιν
1014 2607 1126 2693 αὐτήν

106 2706 283 2792 ἀπέλαβον.

180 2835 265 2896 §359
281 2833 344 2882 =1
364 2829 431 2896 Reg.
451 2826 489 2881 IV
510 2831 550 2880 18.
624 2831 639 2892 ξ
659 2832 709 2881 361
727 2835 788 2881 =1
810 2827 903 2881 Paral.
922 2827 961 2881 VI
982 2835 1007 2882 4.

516 3122 713 3152 ...ψῃ-.-
