2460 3848
107 124 171 190 122
473 127 747 180 ΑΡΧΑΙΟΛΟΓΙΔΣ

104 297 180 372 τοῦ,
207 291 433 373 τολμήσαντος
459 293 642 375 παρελθεῖν
669 290 717 365 εἰς
743 289 865 373 χωρίον
893 287 983 364 εἰςδ
1011 287 1127 373 μηδεὶς

105 394 297 481 ἀνθρώπων
319 397 481 479 πρότερον
509 393 633 478 ἀφῖκτο
657 395 713 459 διὰ
737 396 774 460 τὸ
797 389 883 460 εἰναι
905 400 1024 478 θεῖον,
1053 395 1126 478 ἰση-

104 525 223 587 μαινε,
259 499 314 566 καλ
346 502 568 584 συνεβούλευε
600 509 658 584 τῆς
689 502 814 584 φλογὸς
845 501 889 576 ὡς
920 501 1125 585 πορρωτάτω

105 618 226 693 χωρεῖν
248 605 303 672 καλ
326 606 502 693 ἀρκεῖσθαι
531 603 593 691 μὲν
621 599 674 685 οἷς
696 605 857 694 ἑώρακεν,
887 605 1022 689 ἀγαθόν
1043 610 1126 677 ,όντα

103 710 160 778 καλ
197 713 349 795 μεγάλων
386 711 521 799 ἀνδρῶν
557 717 718 798 ἔκγονον,
754 718 1051 799 πολυπραγμονεῖν
1090 711 1148 779 δλῖ

103 813 210 903 μηδὲν
243 817 297 884 ἐπλ
328 820 459 896 τούτοις
488 823 729 904 περιττότερον.
779 820 889 903 <268>
915 817 1128 905 προηγόρευέ

104 946 139 989 τε
162 925 223 1008 τὴν
247 923 409 1009 ἐσομένην
437 927 526 1014 αὐτῷ
554 925 656 1004 δόξαν
686 923 741 990 καλ
764 926 862 1009 τιμὴν
884 921 962 1007 παρ’
990 924 1126 1011 ανθρώ-

102 1051 177 1096 πων
199 1039 259 1096 τοῦ
289 1036 374 1097 θεοῦ
402 1035 649 1117 συμπαρόντος,
677 1030 732 1097 καλ
754 1038 948 1117 θαρροῦντα
971 1029 1127 1099 ἐκέλευεν

103 1138 152 1214 εἰς
174 1137 235 1220 τὴν
254 1141 426 1220 Αἴγυπτον
444 1134 587 1220 ἀπιέναι,
609 1140 794 1224 στρατηγὸν
817 1136 872 1202 καί
895 1135 1047 1221 ἡγεμόνα
1070 1148 1128 1223 τῆς

100 1240 264 1328 Ἑβραίων
295 1244 448 1326 πληθύος
479 1242 639 1328 ἐσόμενον
669 1241 724 1309 καὶ
747 1253 804 1327 τῆς
825 1243 954 1327 ὕβρεως
976 1252 1036 1326 τῆς
1060 1244 1130 1310 ἐκεῖ
1141 1260 1162 1300 1⁰

103 1351 182 1424 τοὺς
219 1357 391 1431 συγγενεῖς
427 1347 665 1427 ἀπαλλάξοντα.
716 1350 827 1433 <269>
859 1346 930 1413 ‘nal
962 1350 1027 1435 γάρ
1063 1361 1128 1436 γῆν

105 1453 294 1538 οἰκήσουσι’
313 1457 399 1539 φησί
419 1455 556 1540 “ταύτην
575 1455 770 1540 εὐδαίμονα,
792 1455 835 1538 ἣν
850 1453 1020 1539 ’Ἅβραμος
1039 1455 1127 1549 ᾤκη-

104 1578 162 1627 σεν
181 1561 199 1628 ὁ
218 1559 375 1647 ὑμέτερος
392 1564 569 1647 πρόγονος,
592 1560 647 1627 καλ
670 1572 737 1627 τῶν
754 1561 889 1626 πάντων
912 1560 1127 1631 ἀπολαύσον-

103 1684 159 1733 σιυ
182 1666 332 1751 άγαθῶν,
356 1668 403 1744 εἰς
425 1677 527 1733 ταῦτα
550 1676 612 1732 σοῦ
635 1665 690 1732 καί
713 1676 770 1751 τῆς
792 1676 852 1751 σῆς
875 1665 1041 1745 συνέσεως
1066 1671 1126 1735 αύ-

102 1785 172 1849 τοίς
202 1769 414 1856 ἡγουμένης.”
461 1772 664 1856 ἐξαγαγόντα
697 1770 809 1856 μέντοι
841 1776 920 1850 τοὺς
946 1771 1127 1861 Ἑβραίους
1140 1789 1162 1829 1⁶

104 1878 140 1943 ἐκ
167 1885 225 1960 τῆς
247 1878 420 1960 Αἰγύπτου
447 1881 569 1954 θυσίας
596 1875 725 1943 ἐκέλευε
748 1882 983 1965 χαριστηρίους
1006 1879 1126 1965 άφικό-

103 2007 205 2068 μενον
223 1985 270 2059 εἰς
289 1981 417 2050 ἐκεῖνον
437 1981 601 2049 ἐκτελέσαι
620 1986 679 2049 τὸν
697 1987 811 2051 τόπον.
852 1986 963 2070 <270>
976 1996 1126 2053 τοσαῦτα

69 2086 167 2174 κμὲυ
191 2088 226 2155 ἐκ
249 2099 309 2157 τοῦ
331 2094 437 2177 πυρὸς
458 2095 698 2175 θεοκλυτεῖται,
721 2093 872 2174 Μωυσῆς
890 2087 921 2155 δ’
940 2090 1125 2178 ἐκπεπληγ-

103 2195 202 2282 μένος
225 2188 275 2274 οἷς
297 2194 326 2262 τ’
353 2193 421 2262 εἰδε
453 2196 508 2263 καλ
530 2199 616 2263 πολὺ
641 2201 768 2282 μᾶλλον
792 2187 842 2273 οἷς
863 2199 1027 2280 ἤκουσεν,
1052 2197 1125 2264 (δυ-

102 2304 199 2387 νάμει
223 2299 283 2388 μὲν
303 2303 469 2369 άπιστεῖν’
494 2306 557 2388 έφη
582 2303 636 2388 (τῇ
656 2311 710 2387 σῇ,
733 2297 759 2367 ὦ
779 2301 932 2386 δέσποτα,
955 2303 998 2385 ἣν
1022 2304 1126 2383 αύτός
1139 2319 1165 2360 ²⁰

102 2432 137 2474 τε
159 2410 335 2493 θρησκεύω
364 2408 420 2475 καί
447 2412 626 2492 προγόνοις
653 2405 729 2472 οἰδα
751 2411 901 2495 φανεράν
924 2408 1125 2495 γενομένην,

103 2512 369 2598 μανιωδέστερον
387 2514 408 2598 ἣ
427 2515 508 2579 κατὰ
526 2515 587 2598 τὴν
607 2511 751 2595 ἐμαυτοῦ
770 2516 936 2598 φρόνησιν
958 2514 1124 2600 ἡγοῦμαι·

102 2618 211 2701 <271>
239 2619 327 2702 πλὴν
358 2618 471 2706 ἀπορῶ
502 2630 572 2696 πῶς
604 2619 736 2702 ἰδιώτης
765 2618 850 2706 ἀνὴρ
878 2618 933 2685 καλ
960 2622 1125 2705 μηδεμιᾶς

104 2725 217 2809 ἰσχύος
240 2723 394 2808 εὐπορῶν
412 2725 432 2808 ἦ
451 2729 553 2791 πείσω
577 2729 690 2809 λόγοις
712 2729 790 2803 τοὺς
813 2728 955 2803 οἰκείους
978 2725 1125 2810 ἀφέντας

103 2830 145 2914 ἣν
178 2830 252 2915 άρτι
286 2841 476 2897 κατοικοῦσι
506 2840 569 2916 γῆν
600 2831 744 2898 ἕπεσθαί
770 2856 827 2916 μοι
863 2835 947 2918 πρὸς
982 2833 1025 2915 ἣν
1063 2834 1124 2898 αύ-
1138 2848 1163 2889 2⁶

103 2940 159 3014 τὸς
184 2937 350 3021 ἡγοῦμαι,
377 2936 398 3020 ἣ
421 2936 484 3003 κάν
514 2938 634 3005 ἐκεῖνοι
657 2945 843 3023 πεισθῶσι,
875 2951 944 3015 πῶς
976 2938 1019 3004 ἂν
1047 2943 1123 3022 βια-

103 3047 225 3127 σαίμην
250 3044 444 3129 Φαραώθην
467 3043 637 3130 ἐπιτρέψαι
660 3046 722 3129 τὴν
750 3044 867 3123 ἔξοδον
893 3046 1044 3127 τούτοις,
1074 3037 1123 3109 ὧν

103 3157 173 3223 τοῖς
208 3151 324 3226 πόνοις
349 3148 405 3214 καί
441 3162 511 3227 τοῖς
545 3147 669 3237 ἐργοιςλ
697 3152 759 3235 τὴν
796 3153 922 3216 οἰκείαν
959 3150 1122 3228 αὔξουσιν

67 3251 346 3337 3εύδαιμονίαν.’
392 3257 501 3340 <272>
529 3257 547 3324 ὁ
579 3252 616 3322 δὲ
645 3258 726 3333 θεὸς
758 3257 846 3343 αὐτῷ
878 3255 954 3340 περὶ
985 3257 1121 3322 πάντων

103 3361 323 3444 συνεβούλευε
337 3369 490 3448 θαρρεῖν,
507 3362 773 3448 ὑπισχνούμενος
792 3363 891 3440 αὐτὸς
904 3360 1120 3447 παρέσεσθαι,
1136 3381 1164 3422 ³⁰

64 3495 67 3499 ’
167 3482 514 3547 §2672Exod.1112.
589 3482 885 3550 §272=Exod.W
907 3490 934 3536 x.
