2460 3848
69 138 107 192 IV
469 134 681 191 PRAEFATIO.

72 304 132 386 est,
154 321 249 385 saepe
269 299 410 364 veriores
429 299 587 364 lectiones
605 298 640 362 in
659 298 762 362 altere
786 296 945 360 librorum
963 292 1091 359 familie

71 413 216 472 servatas
240 426 320 470 esse.
366 394 531 480 Quantum
555 403 665 490 video,
692 403 728 466 in
749 424 788 467 ee
810 423 845 466 re
867 399 1000 466 Niesius
1023 399 1091 464 iru-

71 516 140 577 stra
162 511 226 577 fuit
244 514 278 574 et
296 510 332 574 in
350 510 561 575 adnotatione
580 509 694 575 critica
711 507 855 574 breviter
877 506 1013 591 ostendi,
1036 527 1090 571 me

70 615 208 680 infinitis
226 615 308 680 locis
327 615 461 681 rediisse
480 616 521 681 ad
538 615 688 702 vulgatas
707 613 907 698 reliquorum
929 611 1091 677 librorum

72 721 264 806 scripturas,
291 742 372 805 quas
399 722 496 808 longe
524 721 607 786 duco
630 720 866 806 praeferendas.
911 717 974 783 Est
996 717 1089 783 varia

71 827 169 892 lectio
188 825 300 910 Antiq.
314 827 362 891 IX
380 829 400 909 ᾗ
420 828 495 912 284,
518 849 581 911 qua
603 825 739 891 Niesius
761 825 923 911 imprimis
946 824 1092 906 confidit,

73 933 130 997 sed
157 936 214 997 aut
240 933 337 998 fallor
364 937 421 997 aut
448 932 532 997 falsa
559 931 665 1017 specie
694 953 729 996 se
758 930 863 1015 decipi
889 952 1005 1016 passus
1028 935 1091 1016 est,

74 1059 139 1122 qua
171 1039 210 1103 de
242 1060 277 1103 re
310 1038 417 1103 dicam
440 1038 545 1103 sicubi
573 1038 614 1103 ad
643 1037 738 1101 illum
766 1037 875 1102 locum
904 1058 1092 1121 pervenero.

74 1140 183 1208 (lodex
207 1143 238 1208 R
264 1144 368 1230 perite
396 1148 556 1235 tractatus
589 1165 684 1228 saepe
712 1142 871 1228 proderit,
898 1144 955 1208 sed
985 1146 1091 1207 scatet

74 1248 202 1314 vitiosis
220 1249 415 1315 lectionibus
435 1254 468 1315 et
486 1249 622 1335 lacunis,
645 1270 728 1333 quae
751 1247 821 1313 sine
839 1247 974 1332 reliquis
997 1247 1092 1313 libris

77 1353 185 1419 sanari
203 1376 270 1420 non
287 1360 434 1441 possunt.
479 1355 542 1420 Est
559 1357 727 1440 praeterea
745 1353 921 1440 sciendum,
946 1353 1093 1419 codicem

76 1459 123 1524 M
140 1459 284 1526 medium
307 1462 467 1546 quendam
493 1461 603 1525 locum
629 1464 739 1525 tenere
763 1480 922 1543 saepeque
944 1459 1094 1543 proxime

78 1566 193 1632 abesse
207 1590 227 1632 a
240 1567 390 1633 bonitate
408 1567 530 1634 codicis
543 1566 649 1652 Regii.
695 1566 747 1632 Ex
765 1564 856 1630 brevi
875 1564 1097 1652 adnotatione,

78 1692 159 1755 quae
183 1673 264 1738 mihi
288 1675 357 1739 sola
381 1696 534 1741 concessa
556 1673 634 1759 fuit,
656 1673 794 1738 lectores
817 1692 884 1736 non
905 1671 1095 1756 plenissime

77 1777 204 1843 efficere
234 1784 405 1864 poterunt,
436 1781 472 1844 in
500 1779 564 1846 hoc
593 1800 666 1844 meo
698 1802 773 1844 cum
802 1776 915 1843 Niesio
946 1776 1098 1842 dissensu

77 1886 151 1947 uter
168 1882 289 1948 rectius
310 1883 437 1970 viderit,
460 1886 517 1951 sed
535 1884 645 1949 curavi
668 1888 780 1949 tamen
802 1887 840 1948 ut
861 1885 952 1948 locos
975 1882 1098 1948 indica-

78 2010 162 2075 rem,
190 2009 328 2073 quorum
352 1995 403 2056 est
426 1989 587 2074 imprimis
609 1989 645 2054 in
672 2011 711 2054 ea
734 1987 923 2075 quaestione
946 1988 1098 2054 habenda

79 2094 173 2160 ratio.
220 2095 372 2163 Ceterum
401 2095 529 2182 quoties
556 2095 640 2160 nihil
667 2096 829 2161 referebat
855 2096 907 2161 vel
929 2095 1024 2180 plane
1048 2095 1097 2158 in-

79 2206 167 2268 certa
190 2208 259 2269 erat
281 2227 358 2270 vera
382 2204 552 2289 scriptura,
575 2227 594 2269 a
616 2202 767 2269 Bekkero
791 2224 858 2267 non
880 2200 1097 2266 recedendum

79 2328 198 2372 cenem.

148 2409 270 2476 Scribit
305 2410 497 2476 Benselerus
535 2412 575 2475 ad
612 2411 733 2476 calcem
770 2409 876 2493 operis
913 2411 952 2476 de
983 2412 1096 2477 hiatu:

81 2515 184 2580 ‘Libri
208 2516 246 2580 de
270 2514 356 2580 bello
380 2515 525 2601 Iudaico,
549 2517 588 2581 de
611 2515 690 2580 Vite
715 2513 782 2579 Sua
804 2518 837 2579 et
861 2520 974 2582 contra
997 2517 1096 2601 Apio-

80 2643 156 2686 nem
193 2620 325 2706 scripti,
361 2620 568 2708 diligentius,
603 2620 680 2684 libri
717 2620 834 2703 quibus
870 2623 1095 2706 Antiquitates

81 2727 276 2792 Iudaeorum
298 2727 484 2813 descripsit,
506 2725 727 2814 negligentius
751 2732 784 2793 et
807 2729 883 2793 libri
907 2730 948 2794 ad
969 2727 1097 2794 Macca-

81 2833 180 2898 baeos
204 2837 237 2898 et
260 2833 299 2897 de
321 2831 444 2897 Mundo
471 2834 622 2899 universo
649 2833 733 2899 falso
764 2835 794 2900 ei
817 2834 971 2918 adscripti
994 2836 1095 2920 negli-

82 2938 272 3026 gentissime
294 2938 357 3004 hac
379 2939 414 3002 in
442 2962 477 3004 re
501 2939 695 3025 compositi'
743 2939 934 3025 Comparuit
957 2939 1038 3004 mihi
1060 2941 1098 3005 in

82 3045 171 3111 hisce
194 3047 307 3130 utique
331 3045 441 3111 decem
463 3044 627 3130 prioribus
646 3046 739 3111 libris
761 3047 871 3112 hiatus
896 3048 936 3110 ab
956 3046 1096 3129 Iosepho

84 3151 163 3217 satis
196 3152 369 3239 diligenter
404 3152 525 3217 vitatos
562 3173 632 3218 esse
669 3154 865 3238 eandemque
902 3151 1097 3217 sententiam

83 3261 194 3323 tuetur
224 3257 277 3324 Fr.
309 3257 468 3324 Krebsius
502 3258 537 3322 in
568 3260 622 3324 der
660 3257 899 3341 Woobcosebrift
927 3260 983 3340 fiir
1012 3258 1098 3324 lilas-

83 3365 178 3431 sisobe
202 3365 374 3449 Philoloyie
399 3365 484 3431 1886
515 3387 546 3448 p.
572 3363 659 3428 1094
689 3363 800 3448 itaque
832 3365 896 3430 feci
929 3364 1015 3449 quod
1048 3364 1099 3428 de-

83 3471 155 3557 bui,
183 3475 222 3538 ut
249 3493 291 3538 ne
320 3472 447 3537 vocales
470 3469 620 3536 indecore
650 3474 890 3556 concurrerent,
922 3471 979 3534 sed
1001 3470 1096 3536 facile
