2460 3848
552 113 679 164 ΠΡΩΤΗ
1079 111 1120 175 15

108 277 266 358 φανερόν.
312 275 400 358 <66>
432 277 478 339 ἔτι
515 271 552 340 δὲ
586 279 706 354 ζῶντος
731 270 876 358 Ἀδάμου
909 274 1012 349 Κάϊος
1044 276 1122 351 τοὺς

108 379 266 463 ἐκγόνους
287 382 533 468 πονηροτάτους
556 381 678 466 συνέβη
702 379 875 464 γενέσθαι,
904 381 985 445 κατὰ
1009 381 1121 446 διαδο-

108 489 170 572 χήν
184 484 239 552 καὶ
253 490 392 571 μίμησιν
413 489 516 552 ἀλλον
531 488 635 552 ἄλλον
653 491 788 573 χείρονα
806 492 1020 552 τελευτῶντα·
1039 489 1122 571 πρός

107 617 140 659 τε
173 594 236 679 γάρ
268 592 435 680 πολέμους
465 589 556 679 εἶχον
588 593 735 677 ἀκρατῶς
767 590 821 658 καὶ
852 595 935 677 πρὸς
967 596 1121 678 λῃστείαν

79 701 311 786 σὼρμήκεσαν.
349 700 434 777 ὅλως
453 697 483 764 δ’
509 706 544 764 εί
557 723 606 776 τις
625 700 764 784 ὀκνηρὸς
783 694 826 783 ήν
844 701 926 784 πρὸς
944 701 981 764 τὸ
1000 700 1121 784 φονεύ-

106 829 177 891 ειν,
209 804 281 872 ἀλλ’
309 802 371 873 οὖν
401 806 543 893 ἀπονοίᾳ
566 803 629 890 (γ’)
652 802 694 889 ἦν
721 807 866 891 θρασύς,
893 805 1038 890 ὑβρίζων
1066 804 1121 870 καὶ

104 918 320 979 πλεονεκτῶν.

195 1018 281 1102 <67>
308 1016 450 1102 ’Ἀδαμος
483 1015 533 1101 δ’,
566 1019 584 1084 δ
616 1029 745 1103 πρῶτος
777 1018 812 1084 ἐκ
848 1029 908 1102 γής
944 1021 1155 1102 γενόμενος3

106 1122 254 1209 (ἀπαιτεῖ
274 1125 337 1210 γὰρ
360 1125 380 1208 ἡ
405 1127 556 1209 διήγησις
578 1127 636 1191 τὸν
659 1123 733 1210 περὶ
757 1126 860 1191 αὐτοῦ
883 1125 1011 1208 λόγον),
1031 1121 1120 1207 Ἀβέ-

64 1236 168 1296 1ολου
191 1226 253 1314 μέν
277 1229 498 1316 ἐσφαγμένου,
521 1231 625 1307 Κάλος
644 1227 681 1295 δέ
700 1232 756 1295 διὰ
778 1235 837 1297 τὸν
860 1231 989 1296 ἐκείνου
1013 1233 1120 1314 φόνον

104 1341 325 1423 πεφευγότος,
354 1340 565 1415 παιδοποιίας
595 1337 772 1423 ἐφρόντιζε.
818 1337 873 1403 καὶ
901 1340 1011 1414 δεινὸς
1033 1332 1120 1422 εἶχεν

104 1445 207 1510 αὐτὸν
229 1444 389 1528 γενέσεως
412 1447 510 1530 ἔρως,
533 1447 588 1529 έτη
612 1440 775 1529 τριάκοντ’
802 1445 866 1527 ήδη
890 1442 944 1508 καὶ
968 1446 1120 1509 διακόσια

104 1551 249 1632 ἠνυκότα
280 1561 341 1617 τοῦ
373 1553 471 1634 βίον,
507 1553 590 1635 πρὸς
617 1543 667 1626 οἷς
695 1549 788 1634 ἔτερα
818 1552 913 1632 ζήσας
944 1546 1120 1613 ἑπτακόσια

106 1661 249 1742 τελευτᾷ.
295 1657 382 1740 <68>
412 1660 562 1740 γίνονται
590 1653 651 1740 μὲν
680 1650 742 1721 οὖν
768 1657 884 1732 παῖδες
911 1655 999 1742 αὐτῷ
1025 1655 1120 1720 ἀλλοι

66 1781 92 1820 15
106 1784 140 1825 τε
164 1765 298 1838 πλείους
318 1761 374 1827 καὶ
393 1767 523 1846 Σήθος·
548 1762 631 1829 ἀλλὰ
653 1760 728 1848 περὶ
751 1759 812 1846 μὲν
835 1772 902 1827 τῶν
925 1763 1037 1826 ἀλλων
1059 1785 1119 1845 μα-

106 1868 189 1951 κρὸν
212 1865 326 1952 ἀνείη
351 1866 476 1952 λέγειν,
501 1871 698 1955 πειράσομαι
726 1866 763 1934 δὲ
791 1873 876 1954 μόνα
904 1871 943 1934 τὰ
966 1879 1032 1934 τῶν
1056 1867 1119 1934 ἀπὸ

106 1974 228 2054 Σήθου
247 1974 404 2039 διελθεῖν.
439 1975 574 2061 τραφεὶς
593 1979 655 2062 γὰρ
675 1972 771 2053 οὗτος
793 1975 848 2040 καὶ
871 1977 1050 2061 παρελθὼν
1073 1978 1120 2051 είς

106 2077 239 2160 ήλικίαν
261 2079 325 2162 ήδη
349 2080 388 2144 τὰ
410 2083 494 2146 καλὰ
516 2087 643 2167 κρίνειν
670 2081 876 2166 δυναμένην,
905 2081 1024 2166 ἀρετήν
1049 2081 1120 2146 ἐπε-

108 2184 266 2266 τήδευσε,
298 2182 353 2249 καὶ
384 2191 562 2273 γενόμενος
590 2188 688 2264 αὐτὸς
718 2189 852 2273 ἀριστος
881 2187 1022 2270 μιμητὰς
1053 2197 1119 2250 τῶν

69 2308 95 2347 εο
109 2287 218 2353 αὐτῶν
240 2293 316 2368 τοὺς
338 2290 525 2376 ἀπογόνους
547 2293 728 2359 κατέλιπεν.
775 2294 860 2376 <69>
885 2288 979 2358 οὗτοι
1001 2291 1120 2368 πάντες

106 2393 230 2478 ἀγαθοὶ
248 2398 369 2482 φύντες
386 2408 450 2482 γῆν
473 2423 508 2464 τε
530 2401 592 2483 τήν
610 2400 714 2484 αὐτήν
737 2399 950 2465 ἀστασίαστοι
973 2394 1118 2486 κατῴκη-

108 2520 170 2568 σαν
190 2503 500 2588 εὐδαιμονήσαντες,
517 2508 659 2588 μηδενὸς
675 2508 787 2585 αὐτοῖς
805 2508 881 2592 ἀχρι
899 2504 954 2571 καὶ
968 2511 1120 2587 τελευτῆς

105 2609 272 2675 δυσκόλου
294 2615 550 2695 προσπεσόντος,
575 2617 696 2697 σοφίαν
719 2637 753 2678 τε
776 2615 837 2697 τήν
859 2611 934 2696 περὶ
957 2614 996 2677 τὰ
1020 2611 1119 2696 οὐρά-

103 2740 159 2780 νια
178 2713 233 2780 καὶ
250 2717 312 2799 τήν
330 2717 458 2781 τούτων
474 2718 692 2801 διακόσμησιν
711 2718 902 2801 ἐπενόησαν.
934 2720 1020 2803 <70>
1035 2714 1118 2801 ὑπὲρ
1219 2763 1220 2767 ,

62 2839 89 2879 25
104 2817 141 2886 δὲ
163 2832 224 2887 τοῦ
254 2823 299 2905 μή
330 2822 507 2906 διαφυγεῖν
536 2826 613 2899 τοὺς
642 2823 842 2909 ἀνθρώπους
868 2827 908 2889 τὰ
935 2822 1119 2907 ηὑρημένα,

103 2925 186 3012 μηδὲ
209 2925 290 3014 πρὶν
313 2930 361 3004 είς
383 2939 509 3011 γνῶσιν
533 2928 646 2994 ἐλθεῖν
669 2937 857 3016 φθαρήναι,
884 2930 1118 3013 προειρηκότος

103 3033 294 3117 ἀφανισμὸν
314 3031 459 3118 Ἀδάμου
490 3045 555 3100 τῶν
583 3036 671 3101 ὅλων
694 3039 848 3118 ἔσεσθαι,
877 3030 1019 3118 τὸνμὲν
1042 3032 1114 3100 κατ’

104 3140 201 3224 ἰσχὺν
214 3141 320 3222 πυρὸς
337 3142 396 3205 τὸν
415 3140 528 3226 ἕτερον
549 3137 585 3205 δὲ
603 3143 683 3206 κατὰ
702 3146 780 3225 βίαν
802 3139 857 3206 καὶ
879 3144 1015 3224 πληθὺν
1038 3142 1118 3207 ὕδα-

87 3268 169 3327 τος,
193 3248 313 3329 στήλας
332 3248 394 3311 δύο
413 3248 641 3332 ποιησάμενοι,
665 3248 725 3330 τήν
744 3242 804 3330 μὲν
829 3245 864 3311 ἐκ
887 3251 1033 3312 πλίνθου
1056 3249 1118 3330 τήν

61 3369 88 3408 ³⁰
103 3347 134 3414 δ’
154 3348 268 3436 ἑτέραν
283 3351 319 3417 έκ
334 3357 446 3436 λίθου,
469 3353 669 3438 ἀμφοτέραις
683 3351 869 3437 ἐνέγραψαν
884 3354 923 3416 τὰ
937 3351 1118 3438 ηὑρημένα,

175 3472 375 3536 ςειεσεη.
394 3473 433 3526 lv
452 3478 494 3527 νε.
