2460 3848
136 148 179 213 ω
434 138 777 201 ‘mmmmz

136 312 300 398 Εὐρώπης
319 311 380 389 ἔως
393 313 576 396 Γαδείρων,
598 318 662 393 γῆν
680 309 723 392 ἣν
742 311 859 394 ἔτυχον
882 310 1154 394 καταλαμβάνον-

135 441 201 501 τες,
223 416 278 482 καὶ
301 419 444 501 μηδενὸς
466 419 757 504 προκατῳκηκότος
779 416 819 479 τά
843 417 927 499 ἔθνη
950 427 1019 492 τοῖς
1041 416 1153 482 αὑτῶν

138 525 279 590 ἐκάλουν
303 523 452 606 ὀνόμασι.
499 522 608 605 <123>
637 525 714 597 τοὺς
741 517 802 604 μὲν
825 521 888 607 γάρ
911 531 976 587 νῦν
998 518 1056 606 ὑφ’
1079 519 1154 587 Ἑλ-

137 633 249 713 λήνων
268 629 417 705 Γαλάτας
435 626 672 711 καλουμένους,
695 630 857 714 Γομαρεῖς
881 624 917 693 δὲ
941 628 1153 712 λεγομένους,

138 737 170 800 Γ
167 733 292 819 ομάρης
315 737 437 817 έκτισε,
464 735 635 817 Μαγώγης
658 729 695 798 δὲ
718 737 797 810 τοὺς
819 730 874 798 ἀπ’
901 734 1004 801 αὐτοῦ
1027 737 1180 819 Marna-⁵

138 865 198 925 γας
221 840 469 925 ὀνομασθέντας
492 838 602 927 ᾤκισε,
625 841 765 916 Σκύθας
786 837 816 904 δ’
834 837 890 905 ὑπ’
918 841 1028 906 αὐτῶν
1051 859 1153 927 προσ-

138 944 413 1032 αγορευομένους.
460 946 568 1027 (124)
583 957 650 1010 τῶν
665 942 701 1010 δὲ
713 942 870 1030 Ἰαφέθου
884 950 1024 1030 παίδων,
1040 943 1154 1012 Ἰωυά-

138 1076 200 1118 νου
223 1050 278 1116 καὶ
301 1052 441 1134 Μάδου,
464 1051 528 1117 άπὸ
552 1048 613 1135 μέν
634 1061 695 1117 τοῦ
718 1052 842 1117 Μάδου
866 1054 1017 1118 Μαδαῖοι
1040 1057 1154 1135 γίνον-

137 1183 191 1224 ται
209 1161 320 1240 έθυος,
344 1162 379 1223 οἳ
394 1160 476 1244 πρὸς
494 1156 663 1241 Ἑλλήνων
681 1159 796 1240 Μῆδοι
819 1156 1004 1242 κέκληνται,
1027 1157 1091 1224 άπὸ
1116 1155 1154 1224 δδ

134 1261 294 1330 Ἰωυάνου
314 1260 423 1327 Ἰωνία
446 1261 501 1328 καὶ
519 1263 638 1339 πάντες
652 1261 812 1346 Ἕλληνες
834 1267 999 1346 γεγόνασι.
1045 1287 1153 1329 κατοι-
1169 1283 1195 1321 10

138 1373 218 1448 κίζει
247 1365 283 1434 δὲ
311 1367 366 1434 καὶ
383 1370 540 1453 ΙΘόβηλος
563 1372 757 1453 Θοβήλους,
790 1371 910 1446 οἵτινες
937 1369 974 1434 έν
996 1381 1066 1446 τοῖς
1088 1379 1153 1436 νῦν

130 1473 259 1560 Ἴβηρες
281 1481 468 1541 καλοῦνται.
506 1477 614 1559 <125>
628 1475 683 1541 καὶ
697 1474 894 1561 Μοσοχηνοδ
909 1473 939 1540 δ’
957 1476 1023 1542 ὑπὸ
1038 1479 1154 1542 Μοσό·

138 1606 199 1668 χον
222 1581 413 1659 κτισθέντες
439 1582 658 1659 Καππάδοκες
685 1579 746 1666 μὲν
774 1584 848 1667 άρτι
871 1581 1065 1666 κέκληνται,
1097 1592 1155 1666 τῆς

139 1686 172 1754 δ’
191 1688 327 1775 ἀρχαίας
341 1688 450 1754 αὐτῶν
464 1692 687 1774 προσηγορίας
702 1699 838 1772 σημεῖον
853 1689 1033 1753 δείκνυται·
1058 1692 1155 1765 πόλις

138 1796 201 1879 γάρ
226 1797 293 1859 ἔστι
321 1791 400 1877 παρ’
428 1795 540 1870 αὐτοῖς
566 1797 614 1859 έτι
642 1794 697 1860 καὶ
724 1805 788 1861 νῦν
811 1793 973 1878 Μάζακα,
1006 1796 1154 1878 δηλοῦσα
1170 1811 1194 1852 15

138 1911 207 1975 τοῖς
239 1897 390 1965 συνιέναι
422 1897 619 1984 δυναμένοις
651 1901 737 1965 οὕτω
770 1897 849 1966 ποτὲ
880 1897 1176 1986 προσαγορευθὲν·

138 2015 204 2070 πᾶν
235 2008 273 2071 τὸ
307 2007 415 2080 ἔθνος.
462 2008 583 2090 Θείρας
615 2002 652 2070 δὲ
680 2008 800 2091 Θειρᾶς
831 2002 892 2090 μὲν
920 2005 1075 2071 ἐκάλεσεν
1106 2000 1154 2072 ὧν

138 2109 248 2198 ἧρξεν,
261 2111 420 2195 Ἕλληνες
434 2108 471 2176 δὲ
487 2115 618 2198 Θρᾷκας
633 2111 753 2188 αὐτοὺς
767 2116 1013 2198 μετωνόμασαν.
1043 2113 1153 2196 <126>

138 2218 193 2284 καὶ
211 2230 353 2285 τοσαῦτα
372 2215 433 2302 μέν
453 2221 536 2302 ἔθνη
555 2219 620 2284 ὑπὸ
639 2230 706 2283 τῶν
722 2215 879 2302 Ἰαφέθου
897 2220 1026 2283 παίδων
1045 2242 1154 2284 κατοι·

138 2337 253 2408 κεῖται,
277 2325 435 2409 Γαμάρου
460 2320 497 2389 δέ
519 2335 621 2409 τριῶν
639 2325 724 2388 υίῶν
747 2322 938 2406 γενομένων
957 2321 1155 2411 Ἀσχάναζος
1169 2343 1196 2382 20

139 2424 200 2511 μὲν
220 2425 436 2512 Ἀσχανάξους
455 2428 586 2516 ᾤκισεν,
610 2432 645 2493 οἳ
660 2438 724 2494 νῦν
742 2426 888 2511 Ῥηγίνες
909 2430 974 2497 ὑπὸ
996 2443 1064 2496 τῶν
1083 2429 1155 2495 Ἑλ-

139 2534 251 2615 λήνων
265 2537 455 2616 καλοῦνται,
473 2532 632 2618 Ῥιφάθης
646 2528 683 2598 δε
697 2530 911 2617 Ῥιφαθαίους
924 2540 1002 2613 τοὺς
1017 2541 1155 2619 Παφλα-

140 2640 240 2720 γόνας
259 2636 467 2723 λεγομένους,
491 2639 668 2724 Θοργάμης
687 2635 725 2703 δέ
740 2643 1027 2725 Θοργαμαίους,
1001 2667 1033 2708 οι
1029 2641 1154 2719 δόξαν

130 2743 269 2827 Ἕλλησι
284 2743 416 2827 Φρύγες
430 2745 686 2829 ὠνομάσθησαν.
733 2748 843 2830 <127>
860 2743 1019 2813 Ιωυανου
1039 2745 1076 2813 δ
1093 2758 1154 2813 τοῦ

137 2847 294 2938 Ἰαφέθου
316 2861 419 2936 τριῶν
442 2850 497 2916 καὶ
520 2853 623 2918 αὐτοῦ
646 2856 775 2919 παίδων
799 2851 1006 2938 γενομένων,
1025 2850 1155 2930 Ἐλισᾶς
1169 2869 1195 2910 2⁵

141 2955 202 3043 μέν
221 2954 406 3035 Ἐλισαίους
425 2953 614 3024 ἐκάλεσεν
593 2984 640 3024 ων
653 2955 766 3045 ηρχεν,
788 2961 922 3036 Αίολείς
941 2956 977 3024 δὲ
995 2970 1059 3026 νῦν
1078 2961 1155 3043 είσί,

142 3069 272 3149 Θαρσὸς
295 3062 333 3131 δδ
356 3069 509 3150 Θαρσεῖς·
538 3064 624 3129 οὕτω
653 3067 715 3152 γὰρ
740 3065 886 3132 έκαλείτο
909 3069 946 3132 τὸ
969 3069 1110 3132 παλαιὸν
1133 3066 1153 3148 ἡ

142 3174 284 3235 Κιλικία.
322 3182 460 3255 σημεῖον
493 3168 547 3236 δέ·
585 3174 712 3256 Ταρσὸς
743 3174 806 3258 γάρ
838 3169 914 3258 παρ’
947 3173 1059 3249 αὐτοῖς
1088 3183 1155 3238 τῶν

142 3278 272 3341 πόλεων
294 3275 314 3359 ἡ
334 3275 576 3361 ἀξιολογωτάτη
602 3281 759 3360 καλεῖται,
781 3282 981 3364 μητρόπολις
999 3274 1095 3361 οὖσα,
1117 3281 1155 3343 τὸ

141 3392 203 3448 ταῦ
231 3384 313 3466 πρὸς
339 3383 400 3466 τὴν
427 3387 545 3466 κλῆσιν
575 3381 649 3448 ἀντὶ
677 3392 736 3448 τοῦ
762 3389 849 3466 θῆτα
873 3388 1155 3470 μεταβαλλόντων.
1170 3400 1197 3440 ³0

213 3501 520 3570 5m=fflfflz
