2460 3848
557 143 684 195 ΠΡΩΤΗ
1084 141 1128 206 43

106 300 307 386 πεισομένης
338 326 369 367 τι
402 313 469 368 τῶν
502 305 647 388 αἰσχρῶν
676 303 826 369 ἐκέλευσε
855 302 1015 369 δεδιέναι·
1044 306 1128 368 θεὸν

108 411 175 496 γάρ
189 409 292 475 αὐτοῦ
306 411 481 493 κῆδεσθαι,
504 408 658 475 καὶκατὰ
677 413 738 495 τῆν
757 413 946 496 συμμαχίαν
965 412 1026 494 τῆν
1046 408 1127 474 ἐκεί-

107 539 174 582 νου
191 527 416 600 μεμενηκυῖαν
430 514 632 600 ἀνύβριστον
650 520 852 600 κομίζεσθαι.
898 525 958 581 τοῦ
983 511 1019 580 δὲ
1042 521 1127 580 θεοῦ

107 621 275 709 μάρτυρος
294 623 390 698 όντος
408 619 463 686 καὶ
484 631 545 687 τοῦ
559 631 615 706 τῆς
633 625 791 705 γυναικὸς
810 624 1013 705 συνειδότος,
1037 624 1127 705 ἔλεγε

77 724 187 813 ομηδ’
214 727 257 794 δν
281 729 463 813 ὀρεχθῆναι
481 730 543 812 τῆν
562 728 679 814 ἀρχῆν,
703 731 734 794 εί
755 732 900 814 χαμετῆν
924 723 1030 795 οὖσαν
1053 729 1128 812 ῆπί-

106 850 220 900 στατο·
255 834 316 911 (ὡς
347 832 377 898 δ’
405 833 555 920 ἀδελφῆν
587 835 749 921 ἀγόμενος
781 838 844 920 σῆν
877 835 938 900 οὐκ
961 835 1127 919 ῆδίκουν.’

104 941 217 1025 <210>
240 946 424 1025 παρακαλεῖ
450 965 484 1006 τε
507 942 620 1026 πράως
650 944 737 1026 ἔχειν
760 944 843 1026 πρὸς
865 941 968 1007 αὐτὸν
990 939 1045 1006 καὶ
1068 944 1127 1007 τὸν

103 1049 190 1113 θεὸν
213 1046 336 1129 εὐμενῆ
364 1059 487 1112 ποιεῖν·
510 1045 587 1133 παρ’
615 1047 703 1134 αὐτῷ
733 1071 767 1112 τε
795 1045 908 1130 μένειν
931 1046 1126 1135 βουλομένῳ

104 1161 217 1218 πᾶσαν
240 1151 411 1237 ἀφθονίαν
438 1153 613 1238 ὑπάρξειν,
642 1151 774 1218 ἀπιέναι
800 1177 835 1218 τε
858 1155 1126 1239 προαιρούμενον

63 1279 90 1320 10
104 1257 281 1336 τεύξεσθαι
304 1268 435 1344 πομπῆς
464 1258 520 1324 καὶ
543 1260 677 1325 πάντων
702 1260 791 1324 ὅσων
814 1258 869 1325 καὶ
891 1257 1021 1346 χρῄζων
1045 1262 1128 1344 πρὸς

104 1362 210 1430 αὐτὸν
233 1364 394 1449 ἀφίκοιτο.
443 1366 552 1449 <211>
570 1360 665 1430 ’ταῦτ’
694 1367 845 1442 είπόντος
859 1363 1026 1450 ’Ἅβραμος
1049 1367 1125 1432 οὔτε

104 1472 168 1554 τῆν
198 1469 395 1554 συγγένειαν
423 1480 480 1555 τῆς
507 1474 664 1555 γυναικὸς
693 1471 855 1549 ἐψεῦσθαι
879 1474 991 1554 ἔλεγεν
1016 1471 1126 1558 (ἀδελ-

105 1585 175 1662 φοῦ
202 1578 265 1662 χάρ
299 1578 403 1662 αύτῆν
430 1574 518 1643 είναι
540 1576 657 1661 παῖδα)
685 1575 741 1642 καὶ
771 1578 846 1662 δίχα
869 1579 1022 1660 τοιαύτης
1044 1578 1126 1643 ὑπο-

105 1686 245 1768 κρίσεως
278 1684 340 1749 ούκ
372 1684 504 1770 ἀσφαλῆ
532 1685 593 1768 τὴν
622 1683 800 1767 ἐπιδημίαν
826 1681 1017 1766 ὑπολαβεῖν.
1064 1683 1125 1747 ὅσα

64 1807 91 1850 τι
105 1787 134 1854 τ’
163 1787 216 1855 ἐπὶ
238 1799 284 1876 τῷ
313 1787 418 1874 μηδὲν
448 1797 552 1866 αίτιος
578 1799 635 1874 τῆς
657 1793 761 1855 νόσου
786 1786 975 1873 γεγονέναι,
997 1795 1126 1875 προθυ-

104 1901 256 1980 μηθῆναι
275 1893 306 1960 δ’
330 1896 433 1962 αύιοῦ
452 1895 527 1980 περὶ
545 1899 607 1981 τῆν
627 1900 804 1983 σωτηρίαν,
828 1894 964 1980 ἑτοίμως
982 1899 1125 1981 ἔφασκεν

104 2002 194 2086 ἔχειν
221 1999 298 2087 παρ’
330 2003 419 2088 αὐτῷ
448 2001 571 2086 μένειν.
618 2003 728 2086 <212>
752 2001 808 2067 καὶ
828 1999 1035 2086 Ἀβιμέλεχος
1064 2007 1125 2088 τῆν
1197 2009 1205 2017 “

104 2129 141 2172 τε
168 2114 232 2191 νῆν
259 2110 341 2192 πρὸς
368 2110 470 2174 αὐτὸν
499 2108 687 2191 διανέμεται
717 2106 772 2172 καὶ
799 2109 838 2171 τά
868 2111 1038 2192 χρῆματα,
1070 2108 1124 2173 καλ

106 2216 321 2279 συντίθενται
340 2213 469 2290 ἀδόλως
482 2215 750 2296 πολιτεύσεσθαι,
773 2210 857 2298 ὑπέρ
877 2234 967 2287 τινος
985 2211 1126 2296 φρέατος

62 2338 92 2379 ιο
106 2319 301 2403 ποιούμενοι
320 2322 379 2387 τὸν
399 2319 544 2405 ὅρκον,ὃ
563 2317 757 2405 Βηρσουβαὶ
776 2325 949 2384 καλοῦσιν·
970 2318 1072 2405 ὅρκου
1088 2317 1125 2384 δὲ

105 2420 212 2510 φρέαρ
235 2424 355 2508 λέγοιτῗ
383 2427 435 2491 άν.
481 2425 568 2493 οὕτω
588 2422 618 2490 δ’
642 2428 689 2490 ἔτι
711 2427 766 2491 καί
789 2435 854 2492 νῦν
876 2425 941 2492 ὑπὸ
964 2437 1032 2491 τῶν
1057 2425 1125 2492 ἐπι-

104 2533 238 2615 χωρίων
262 2531 461 2616 όινόμασται.
1225 2599 1228 2605 ,

172 2638 282 2720 <213>
305 2642 432 2720 γίνεται
461 2635 490 2702 δ’
520 2635 671 2727 Ἀβράμφ
695 2635 764 2721 μετ’
792 2639 833 2704 ού
860 2643 946 2705 πολὺ
970 2638 1026 2705 καὶ
1048 2651 1160 2717 παῦςε

106 2742 143 2808 ἐκ
157 2744 302 2829 Σάρρας,
326 2744 370 2821 ὡς
389 2744 477 2830 αὐτῷ
496 2745 561 2809 ὑπὸ
581 2755 641 2809 τοῦ
659 2751 744 2809 θεοῦ
767 2749 957 2830 προείρητο·
982 2745 1021 2811 ὃν
1036 2743 1124 2811 Ἴσα-

62 2865 89 2907 2⁵
103 2872 165 2914 κον
189 2848 351 2934 ὠνόμασε.
396 2860 495 2916 τοῦτο
523 2848 649 2933 γέλωτα
678 2854 844 2935 σημαίνει·
869 2853 924 2915 διά
947 2851 1061 2933 μέντοι
1086 2855 1123 2916 τὸ

106 2957 168 3039 τῆν
196 2955 335 3041 Σάρραν
363 2958 530 3040 μειδιᾶσαι
557 2956 710 3034 τέξεσθαι
737 2960 905 3040 φήσαντος
932 2956 1036 3038 αύτῆν
1064 2967 1124 3021 τοῦ

105 3067 209 3145 θεοῦ,
239 3064 284 3146 μῆ
307 3066 549 3148 προσδοκῶσαν
571 3065 635 3147 ῆδη
659 3072 795 3127 τοκετοῦ
817 3059 1044 3146 πρεσβυτέραν
1068 3056 1125 3126 οὖ-

106 3183 189 3251 σαν,
211 3171 271 3234 τὸν
294 3170 371 3235 υίὸν
395 3170 501 3246 οὕτως
523 3169 687 3234 ἐκάλεσεν.
734 3167 817 3250 αὐτῆ
841 3164 902 3250 μὲν
926 3169 989 3254 γάρ
1014 3166 1125 3253 ένενῆ-

106 3297 209 3339 κοντα
232 3270 320 3360 είχεν
343 3279 410 3361 ἔτη,
436 3274 552 3341 ἑκατὸν
577 3272 805 3358 δὲ.’Άβραμος.
852 3275 960 3356 <214>
986 3278 1127 3341 τίκτεται

66 3395 94 3437 8⁰
108 3359 238 3457 δ’δ’παίς
252 3378 414 3467 ἑκατέρων
427 3391 473 3468 τῷ
487 3379 615 3468 ὑστέρῳ
630 3383 707 3444 έτει·
732 3379 771 3444 δν
789 3379 895 3457 εύθύς
912 3377 981 3465 μετ’
1000 3381 1125 3466 ὀγδόην

179 3506 194 3567 ξ
213 3506 264 3556 209
280 3527 314 3547 =
329 3502 395 3557 Gen.
415 3501 467 3555 XX
487 3507 515 3566 93
540 3500 606 3555 XXI
624 3506 667 3556 22.
743 3506 758 3567 ξ
777 3506 829 3556 213
845 3527 878 3548 =
893 3501 962 3556 Gen.
981 3501 1051 3554 XXI
1067 3508 1096 3554 L
