2460 3848
526 138 692 190 ΤΕΤΑΡΤΗ
1049 135 1113 200 207

96 295 179 382 ἡμῖν
203 306 263 362 τοῦ
285 302 385 381 θεοῦ,
408 296 616 361 παντάπασιν
639 297 824 380 ἀλόγιστον.
869 309 979 382 κρινεῖ
998 302 1114 364 τοίνυν

97 404 200 469 πόλιν
241 402 340 480 αὐτὸς
378 406 452 467 τίνα
489 404 644 486 βούλεται
680 405 738 480 τὰς
774 400 856 491 ὑπὲρ
893 404 988 488 ὑμῶν
1024 404 1113 492 αὐτῷ

97 512 222 586 θυσίας
245 508 405 575 ἐπιτελεῖν
432 506 488 574 καὶ
510 510 709 594 προεστάναι
732 518 789 593 τῆς
811 510 991 593 εὐσεβείας·
1025 511 1112 594 <32>

98 616 223 681 ἀτοπον
242 616 305 701 γὰρ
325 617 452 701 Κορῆν,
476 613 651 700 ἐφιέμενον
669 624 726 699 τῆς
748 625 854 700 τιμῆς,
876 617 937 698 τῆν
961 614 1114 694 ἐξουσίαν

69 731 159 788 ετού
190 724 257 786 τίνι
289 721 441 807 παράσχῃ
472 723 596 806 ταύτην
624 720 806 806 ἀφελέσθαι
834 725 893 788 τὸν
919 726 1012 789 θεόν.
1058 732 1115 806 τῆς

98 821 162 894 οὖν
195 827 340 904 στάσεως
370 826 425 892 καὶ
455 836 511 911 τῆς
545 828 600 893 διὰ
626 837 725 894 τοῦτο
757 837 899 914 ταραχῆς
927 831 1114 913 παύσασθε,

97 932 171 1022 πρῲ
196 929 227 998 δ’
246 934 321 1000 ὅσοι
338 944 395 1018 τῆς
415 935 598 1019 ίερωσύνης
616 933 853 1017 ἀντιποιεῖσθε,
875 938 1018 1018 κομίζων
1042 935 1114 1001 ἕκα-

99 1057 175 1117 στος
204 1042 427 1126 θυμιατήριον
460 1046 597 1106 οἴκοθεν
631 1043 694 1105 σὺν
726 1041 915 1125 θυμιάμασι
946 1040 1001 1107 καὶ
1033 1041 1114 1129 πυρὶ

97 1146 223 1232 πάριτε.
260 1146 347 1229 <33>
364 1143 420 1211 καὶ
440 1149 481 1210 σὺ
501 1144 550 1229 δέ,
572 1149 677 1232 Κορῆ,
700 1149 939 1233 παραχωρήσας
961 1149 1022 1231 τῆν
1044 1154 1115 1234 κρί-

54 1275 84 1316 ιο
99 1269 155 1318 σιν
177 1259 223 1339 τςό
246 1259 316 1339 θεῷ
341 1254 401 1336 τῆν
424 1249 477 1316 ἐπὶ
500 1254 631 1329 τούτοις
660 1252 762 1318 αὐτοῦ
786 1251 863 1336 μένε
886 1260 1114 1339 ψηφοφορίαν,

99 1354 183 1423 ἀλλά
206 1359 250 1442 μῆ
275 1360 398 1424 σαυτὸν
420 1363 508 1424 ποίει
530 1368 590 1423 τοῦ
612 1364 698 1424 θεοῦ
719 1362 902 1443 κρείττονα,
925 1372 1114 1444 παραγενοῦ

100 1460 138 1530 δέ
164 1467 408 1550 κριθησόμενος
440 1465 527 1530 οὕτω
559 1462 634 1549 περὶ
666 1475 727 1530 τοῦ
753 1463 866 1549 γέρως.
912 1463 1114 1549 ἀνεμέσητον

100 1566 131 1635 δ’
158 1565 250 1655 οἶμαι
272 1569 327 1636 καὶ
346 1568 496 1657 Ἀαρῶνα
524 1569 771 1657 προσδέξασθαι
794 1573 1116 1655 συγκριθησόμενον,

99 1673 219 1760 γένους
251 1672 312 1760 μὲν
344 1679 424 1743 όντα
450 1677 593 1760 ταύτοῦ,
623 1673 728 1762 μηδὲν
756 1673 793 1741 δέ
823 1682 1017 1761 μεμφθῆναι
1047 1689 1116 1754 τοῖς

57 1803 87 1846 15
99 1784 188 1868 παρά
211 1784 272 1867 την
301 1784 487 1868 ἱερωσύνην
514 1781 755 1868 πεπραγμένοις
785 1784 982 1867 δυνάμενον.
1028 1783 1115 1867 <34>

99 1889 285 1973 θυμιάσατε
309 1883 371 1954 οὖν
391 1888 547 1965 ἐλθόντες
566 1888 602 1955 ἐν
624 1899 757 1978 φανερῷ
777 1889 875 1955 παντὶ
895 1900 939 1978 τρλ
955 1895 1037 1978 λαῷ·
1060 1887 1116 1955 καὶ

100 1993 327 2079 θυμιωμένων
349 1995 460 2080 ὑμῶν,
489 1991 590 2081 οὗπερ
614 1995 656 2061 ἀν
679 1998 740 2080 τῆν
762 2000 888 2062 θυσίαν
910 1996 993 2080 ῆδίω
1017 2000 1114 2082 κρίνη

102 2101 120 2168 δ
143 2105 240 2186 θεός,
273 2097 371 2178 οὗτος
393 2102 475 2185 ὑμῖν
500 2103 606 2189 ἱερεὺς
627 2103 958 2188 κεχειροτονήσεται·’
982 2110 1038 2185 τῆς
1061 2101 1115 2167 ἐπὶ

88 2205 254 2297 1τάδελφῷ
287 2210 444 2291 διαβολῆς
474 2208 518 2284 ὡς
545 2208 783 2295 κεχαρισμένου
811 2210 872 2291 τῆν
899 2210 997 2293 τιμῆν
1025 2209 1114 2296 αὐτῷ

59 2334 87 2375 εο
102 2313 275 2398 ῥυόμενος.

170 2418 257 2503 <35>
283 2432 385 2487 ταῦτα
416 2418 582 2496 Μωυσέος
611 2421 779 2503 είπόντος,
810 2421 948 2485 παύεται
975 2418 1029 2485 καὶ
1059 2417 1150 2505 τῆς3

101 2535 242 2612 ταραχῆς
264 2529 301 2593 τὸ
324 2532 453 2611 πλῆθος
475 2525 529 2591 καὶ
552 2535 609 2610 τῆς
631 2529 678 2604 είς
700 2531 853 2611 Μωυσῆν
876 2529 1028 2606 ὑποψίας.
1062 2526 1116 2593 ἐτ-

102 2629 242 2697 ένευσαν
273 2629 309 2698 δὲ
341 2646 410 2710 τοῖς
442 2632 640 2720 εἰρημένοις·
673 2633 728 2699 καὶ
755 2636 818 2720 γάρ
848 2629 891 2717 ῆν
922 2633 977 2699 καὶ
1008 2633 1116 2699 ἐδόκει

99 2738 225 2823 χρηστά
252 2746 297 2824 τῷ
323 2743 401 2826 λαῷ.
447 2742 519 2805 τότε
543 2736 604 2825 μὲν
632 2735 694 2805 οὖν
719 2741 893 2805 διαλύουσι
916 2742 975 2805 τὸν
998 2741 1116 2805 σύλλο-

59 2861 87 2902 25
101 2866 174 2927 γον,
197 2852 236 2929 τῆ
257 2841 288 2908 δ’
310 2844 448 2932 ε’πιούση
468 2851 641 2928 συνῆλθον
658 2848 706 2922 είς
723 2847 784 2929 τῆν
803 2844 990 2927 ἐκκλησίαν,
1012 2864 1116 2926 παρα-

100 2948 293 3034 τευξόμενοι
311 2960 349 3035 τῆ
368 2955 473 3038 θυσίᾳ
498 2949 553 3016 καὶ
576 2960 614 3035 τῆ
639 2947 683 3015 δι’
701 2951 802 3032 αὐτῆς
823 2953 929 3033 κρίσει
951 2959 1019 3012 τῶν
1040 2944 1117 3031 περὶ

100 3063 158 3138 τῆς
187 3057 369 3142 ίερωσύυης
396 3054 657 3141 ἀγωνιζομένων.
702 3055 789 3138 <36>
813 3052 987 3138 συνέβαινε
1012 3050 1045 3116 δ’
1072 3048 1117 3117 εί-

100 3185 156 3226 ναι
178 3164 362 3248 θορυβώδη
390 3165 451 3247 τῆν
475 3162 666 3245 ἐκκλησίαν,
694 3162 859 3245 μετεώρου
883 3170 943 3226 τοῦ
965 3162 1118 3244 πλῆθους

101 3269 197 3344 όντος
220 3265 269 3333 ἐπ’
298 3267 407 3334 ἐλπίδι
431 3281 497 3334 τῶν
516 3265 696 3352 ἐσομένων,
719 3265 863 3332 καὶτῶν
886 3263 947 3352 μὲν
971 3270 1017 3344 είς
1038 3267 1117 3351 ῆδο-

59 3392 87 3432 30
101 3375 166 3456 νην
198 3378 437 3459 λαμβανόντων
469 3378 501 3440 εί
526 3379 676 3457 Μωυσῆς
709 3373 880 3460 ἐλεγχθείη
910 3385 1116 3461 κακουργῶν,

173 3495 387 3560 §32=Num.
408 3495 472 3550 XVI
491 3502 515 3552 6.
