2460 3848
102 138 146 203 90
466 138 741 192 ΑΡΧΑΙΟΛΟΙῚΔΣ

100 325 183 385 νον,
207 302 329 386 ὁμοίως
352 292 401 377 οἷς
424 301 471 376 είς
493 299 595 364 αὐτὸν
619 298 822 382 ἐτόλμησαν,
844 293 912 363 είεν
935 297 1118 364 ἀπεσκευα-

102 406 217 493 σμένοι
240 418 300 474 τοῦ
323 405 448 490 γένους.

67 528 83 578 3
168 514 278 596 <100>
301 515 335 578 οἳ
353 509 383 576 δ’
406 505 492 595 ήσαν
511 509 547 574 ἐν
570 518 694 596 ταραχή
718 508 773 575 καὶ
794 514 902 599 φόβφ,
925 507 979 575 καὶ
1002 512 1119 576 κίνδυ-

101 642 163 684 νον
190 620 249 683 τὸν
277 615 432 701 μέγιστον
460 616 572 693 αὑτοῖς
599 615 804 702 ἐπηρτῆσθαι
826 618 1032 701 νομίζοντες,
1062 615 1119 682 καὶ

101 718 206 808 μηδὲν
235 720 311 809 περὶ
338 721 505 807 τάδελφοῦ
534 724 615 786 κατὰ
638 732 723 787 νοῦν
745 721 988 806 λαμβάνοντες,
1018 740 1144 787 κατα-ε

102 829 235 906 στάντες
266 851 301 894 τε
332 831 414 915 πρὸς
444 830 501 904 τδις
528 830 633 903 αίτίας
662 826 908 913 ἀπελογοῦντο,
934 825 1118 913 Ῥουβήλου

101 945 389 1021 προηγοροῦντος,
426 933 462 1011 ὃς
497 928 540 1018 ήν
576 934 798 1020 πρεσβύτατος
834 933 954 999 αὐτῶν.
1005 933 1119 1018 <101>

103 1039 226 1125 (ἡμεῖς’
260 1043 322 1127 γὰρ
355 1036 446 1106 εἶπεν
478 1039 536 1106 ὀὐ
567 1036 637 1105 κατ’
669 1038 801 1104 ἀδικίαν
834 1037 924 1126 δεῦρ’
955 1041 1119 1125 ήλθομεν,

102 1143 182 1212 οὐδὲ
204 1150 488 1233 κακουργήσοντες
509 1147 548 1211 τὰ
571 1143 732 1229 βασιλέως
755 1146 940 1231 πράγματα,
963 1152 1118 1230 σωθῆναι

102 1248 140 1317 δὲ
157 1250 331 1339 χρῄζοντες
349 1251 404 1318 καὶ
422 1253 616 1336 καταφυγήν
634 1262 700 1316 τῶν
720 1250 905 1336 ἐπεχόντων
924 1254 986 1337 τήν
1004 1253 1118 1337 χώραν
1134 1269 1159 1310 10

101 1358 196 1442 ήμῶν
214 1370 324 1424 κακῶν
341 1359 403 1442 τήν
420 1355 582 1443 ὑμετέραν
600 1359 860 1442 φιλανθρωπίαν
882 1357 1118 1442 ὑπολαβόντες,

103 1463 161 1540 οὓς
189 1465 263 1549 οὐχὶ
289 1468 437 1542 πολίταις
467 1467 572 1549 μόνον
602 1475 671 1539 τοῖς
693 1462 803 1528 αὐτῶν
826 1462 910 1527 ἀλλὰ
933 1461 988 1528 καὶ
1012 1460 1119 1541 ξένοις

102 1570 267 1655 ἠκούομεν
294 1572 355 1656 τήν
385 1570 511 1658 ἀγορὰν
533 1578 594 1636 τοῦ
617 1572 711 1634 σίτου
734 1566 1003 1654 προτεθεικέναι,
1036 1579 1118 1634 πᾶσι

102 1679 138 1741 τὸ
176 1679 343 1763 σώζεσθαι,
379 1690 448 1754 τοῖς
490 1673 661 1760 δεομένοις
696 1672 851 1760 παρέχειν
888 1677 1118 1757 διεγνωκότας.

102 1783 211 1866 <102>
243 1784 294 1848 ὅτι
326 1780 357 1848 δ’
389 1779 487 1865 ἐσμὲν
518 1779 658 1866 ἀδελφοὶ
690 1778 744 1846 καὶ
776 1780 891 1846 κοινὸν
918 1781 998 1865 ἡμῖν
1026 1772 1119 1865 αἷμα,
1133 1797 1158 1837 1⁵

102 1890 248 1971 φανερὸν
278 1885 339 1972 μὲν
362 1885 417 1952 καὶ
443 1895 500 1970 τής
527 1895 656 1971 μορφής
678 1888 715 1951 τὸ
739 1888 863 1952 οίκείον
886 1884 941 1951 καὶ
963 1887 1007 1970 μή
1031 1891 1118 1952 πολὺ

102 1993 375 2079 παρηλλαγμένον
403 2003 507 2074 ποιεί,
534 1992 640 2075 πατήρ
671 1988 701 2055 δ’
730 1990 820 2057 ἐστὶν
847 1993 927 2075 ήμίν
951 1989 1119 2077 Ἰάκωβος,

103 2097 187 2184 ἀνήρ
205 2096 368 2185 Ἑβραῖος,
391 2091 418 2185 ᾧ
437 2100 601 2181 γινόμεθα
620 2098 748 2162 δώδεκα
766 2099 881 2174 παῖδες
895 2096 931 2162 ἐκ
949 2111 1119 2180 γυναικῶν

102 2206 275 2291 τεττάρων.
332 2199 379 2269 ὧν
411 2203 545 2267 πάντων
577 2206 760 2289 περιόντων
791 2198 875 2287 ἦμεν
908 2203 1119 2287 εὐδαίμονες·

102 2310 213 2394 <103>
235 2309 465 2384 ἀποθανόντος
493 2305 530 2373 δὲ
560 2306 633 2385 ἑνὸς
657 2320 723 2373 τῶν
747 2308 901 2393 ἀδελφῶν
926 2306 1117 2394 [Ἰωσήπου]
1133 2327 1159 2368 2⁰

102 2417 142 2479 τδι
160 2411 330 2500 πράγμαθ’
353 2414 433 2497 ἡμίν
453 2413 505 2479 ἐπὶ
524 2417 560 2480 τὸ
584 2426 696 2500 χείρον
720 2413 907 2499 μετέβαλεν.
954 2415 972 2480 ὅ
995 2439 1029 2481 τε
1053 2417 1117 2503 γδιρ

102 2520 208 2605 πατήρ
232 2521 357 2603 μακρὸν
382 2516 431 2584 ἐπ’
459 2521 546 2608 αὐτῷ
571 2518 696 2597 πένθος
718 2515 814 2606 ἦρται
821 2570 831 2604 ,
858 2519 913 2586 καὶ
935 2521 1028 2606 ήμείς
1050 2522 1118 2588 ὑπό

102 2649 137 2691 τε
160 2632 216 2706 τής
240 2623 292 2688 ἐπὶ
319 2634 364 2710 τῷ
397 2631 572 2709 τεθνηκότι
601 2636 775 2712 συμφορᾶς
798 2625 853 2692 καὶ
876 2636 933 2712 τής
955 2637 1016 2693 τοῦ
1037 2649 1118 2715 πρε-

103 2731 227 2814 σβύτου
249 2735 470 2817 ταλαιπωρίας
488 2738 753 2816 κακοπαθοῦμεν.
799 2733 908 2817 <104>
935 2731 1059 2818 ήκομέν
1081 2757 1117 2800 τε

102 2847 166 2902 νῦν
190 2832 240 2901 ἐπ’
267 2834 394 2922 ἀγορὰν
417 2842 528 2922 σίτου,
558 2842 619 2922 τήν
643 2861 676 2902 τε
699 2849 759 2905 τοῦ
782 2818 904 2925 πἀτρὸς
928 2838 1117 2923 ἐπιμέλειαν
1132 2855 1158 2897 25

102 2943 156 3009 καὶ
183 2945 244 3027 τήν
271 2953 338 3008 τῶν
366 2945 447 3009 κατὰ
475 2946 533 3009 τὸν
567 2940 661 3010 οίκον
688 2949 851 3031 πρόνοιαν
878 2945 1039 3030 Βενιαμὶν
1069 2955 1115 3034 τιβ

91 3051 253 3138 ’νεωτάτφ
268 3062 334 3115 τῶν
349 3050 503 3135 ἀδελφῶν
517 3054 774 3127 πεπιστευκότες.
821 3052 962 3116 δύνασαι
982 3048 1018 3116 δὲ
1037 3049 1117 3136 πέμ-

101 3164 166 3229 ψας
188 3157 236 3230 είς
262 3158 321 3220 τὸν
348 3154 507 3242 ἡμέτερον
535 3151 629 3221 οἷκον
652 3162 774 3239 μαθεῖν
797 3163 831 3222 εί
849 3180 880 3221 τι
903 3155 1024 3236 ψευδές
1047 3155 1117 3223 ἐστι

102 3269 168 3322 τῶν
192 3257 406 3342 λεγομένων.’

63 3369 84 3422 ’4
169 3362 279 3446 <105>
297 3363 352 3429 καὶ
365 3364 541 3452 Ῥούβηλος
554 3363 615 3451 μὲν
634 3369 796 3445 τοιούτοις
815 3367 965 3454 ἐπειρᾶτο
984 3372 1117 3434 πείθειν
1132 3385 1160 3427 ³⁰

175 3490 189 3551 ς
211 3489 261 3541 100
277 3510 310 3530 =
325 3484 392 3539 Gon.
412 3486 486 3540 XLII
507 3493 546 3543 10.
