2460 3848
128 128 193 195 146
492 130 766 183 APxflvomn

126 291 330 378 ὁρμώμενον.
376 291 421 368 ὡς
449 286 481 356 δ’
507 285 603 374 ήκεν,
630 288 810 355 ἀπολύσειν
836 287 958 365 αύτούς
984 285 1042 353 καὶ
1066 290 1152 355 ταύ-

126 420 184 481 της
205 406 263 481 τῆς
290 395 435 480 ἀνάγκης
457 398 548 480 ἐλεγε
571 397 753 480 τὸνθεόν,
782 391 837 460 καὶ
859 397 1057 480 κεχαρίσθαι
1081 411 1151 461 σω-

126 506 244 589 τηρίαν
267 499 340 568 οὐδ’
368 500 601 586 ἐλπισθεῖσαν,
629 499 665 566 ἐκ
691 511 749 586 τής
770 499 889 588 πέτρας
911 501 1063 584 ποταμὸν
1085 501 1150 567 αύ-

124 619 195 686 τοῖς
217 609 403 695 ῥυήσεσθαι
426 604 541 690 λόγων.
588 606 675 690 <37>
698 618 766 671 τῶν
788 603 826 672 δέ
848 607 931 692 πρὸς
951 607 1013 690 τήν
1037 605 1149 691 ἀκοήν

125 711 418 798 καταπλαγέντων,
449 715 481 779 εί
506 712 572 778 ὑπό
598 735 633 778 τε
660 722 720 778 τοῦ
748 714 868 792 δίψους
894 709 950 777 καὶ
971 721 1030 794 τῆς
1054 713 1176 778 δδοιε

125 825 243 906 πυρίας
264 816 603 906 τεταλαιπωρημένοις
625 817 751 902 ἀνάγκη
776 816 904 902 γένοιτο
927 820 1065 883 κόπτειν
1082 821 1149 904 τήν

125 925 259 1012 πέτραν,
283 926 301 992 ὁ
320 929 470 1010 Μωυσῆς
486 928 620 1011 πλήττει
641 933 680 1010 τῇ
703 927 876 1012 βακτηρία,
897 921 953 989 καὶ
976 926 1149 1010 χανούσης

125 1031 302 1116 ἐξέβλυσεν
328 1031 422 1117 ύδωρ
449 1033 536 1097 πολὺ
558 1027 614 1095 καὶ
643 1027 891 1112 διαυγέστατον.
936 1029 1025 1114 <38>
1051 1035 1088 1096 οἳ
1109 1029 1149 1098 δέ

126 1147 172 1226 τῷ
195 1137 373 1227 παραδόξῳ
400 1147 460 1204 τοῦ
487 1140 663 1222 γεγονότος
689 1136 955 1220 κατεπλάγησαν,
982 1134 1149 1223 καὶπρὸς

125 1246 187 1328 τήν
214 1247 293 1323 όήιν
322 1246 386 1328 ήδη
416 1246 454 1309 τὸ
483 1245 580 1321 δίήος
606 1242 718 1318 αὐτοῖς
745 1243 876 1325 ἐληγεν·
906 1239 964 1307 καὶ
984 1244 1148 1309 πίνουσιν
1162 1263 1186 1303 ιο

126 1349 191 1433 ήδῦ
213 1347 269 1415 καὶ
291 1352 397 1432 γλυκὺ
416 1351 454 1415 τδ
472 1357 573 1432 νᾶμα,
595 1346 651 1412 καὶ
674 1338 748 1413 οἷον
771 1345 813 1412 ἀν
836 1353 886 1432 είη
909 1353 995 1414 θεοῦ
1017 1350 1057 1415 τὸ
1082 1351 1148 1415 δῦ-

127 1480 188 1541 ρυν
212 1457 341 1539 δόντος,
365 1455 525 1541 ἐφαίνετο.
562 1456 621 1519 τόν
643 1449 672 1517 τ’
696 1448 757 1518 οὖν
776 1457 929 1537 Μωυσῆν
952 1452 1148 1539 ἐθαύμαζον

128 1561 233 1640 ούτως
258 1562 324 1627 ὑπὸ
351 1570 412 1626 τοῦ
438 1565 524 1626 θεοῦ
550 1555 781 1642 τετιμημένον,
807 1556 863 1624 ’καὶ
889 1561 1025 1636 θυσίαις
1052 1561 1148 1646 ήμεί-

127 1672 227 1753 βοντο
251 1669 312 1751 τήν
334 1676 395 1733 τοῦ
422 1673 506 1731 θεοῦ
528 1662 604 1750 περὶ
627 1663 748 1741 αὐτοὺς
769 1668 941 1750 πρόνοιαν.
987 1666 1091 1748 δηλοῖ
1111 1663 1144 1733 δ’

129 1773 166 1839 ἐν
188 1783 233 1861 τῷ
259 1774 336 1860 ίερςῦ
360 1768 558 1855 ἀνακειμένη
582 1771 693 1856 γραφή
716 1773 881 1836 τὸνθεόν
898 1774 1044 1836 Μωυσεῖ
1064 1793 1146 1860 προ
1163 1792 1188 1832 ιε

129 1889 235 1944 ειπεῖν
258 1878 363 1955 οὕτως
385 1876 421 1941 ἐκ
443 1884 500 1959 τῆς
522 1873 641 1962 πέτρας
663 1876 936 1959 ἀναδοθήσεσθαι
958 1875 1062 1962 ὕδωρ.

93 1980 116 2051 '2
198 1984 285 2067 <39>
313 1992 374 2049 τοῦ
402 1978 439 2047 δὲ
466 1993 532 2047 τῶν
554 1979 718 2066 Ἐβραίων
746 1981 908 2067 ὀνόματος
929 1983 993 2065 ήδη
1017 1988 1150 2050 πολλοῦ

128 2090 210 2156 κατὰ
232 2090 357 2167 πάντας
380 2086 627 2174 διαβοωμένου,
649 2086 704 2154 καὶ
726 2099 787 2154 τοῦ
809 2087 886 2175 περὶ
908 2089 1017 2154 αύτῦν
1039 2093 1149 2174 λόγον

128 2208 328 2283 φοιτῶντος,
358 2197 395 2263 ἐν
424 2200 520 2285 φόβφ
550 2194 747 2279 συνέβαινεν
775 2195 816 2261 οὐ
845 2203 949 2281 μικρῷ
973 2195 1051 2270 τοὺς
1077 2194 1148 2260 ἐπι-

127 2308 271 2389 χωρίους
293 2300 391 2387 εἶναι,
413 2301 469 2367 καὶ
486 2305 747 2387 πρεσβευόμενοι
770 2303 853 2386 πρὸς
875 2299 1039 2383 ἀλλήλους
1060 2320 1148 2388 παρ·
1162 2321 1188 2362 ου

127 2410 269 2474 εκάλουν
292 2409 433 2493 ἀμύνειν
459 2407 514 2473 καὶ
536 2414 716 2491 πειρᾶσθαι
739 2411 817 2485 τοὺς
840 2408 965 2488 ἀνδρας
988 2407 1147 2490 διαφθεί-

128 2535 209 2597 ρειν.
255 2514 342 2596 <4Ο>
364 2512 546 2597 ἐτύγχανον
576 2508 610 2576 δ’
637 2511 673 2577 oc
692 2514 774 2596 πρὸς
796 2508 886 2578 τοῦτ’
914 2512 1090 2595 ἐνάγοντες
1114 2515 1151 2578 οἵ

127 2639 162 2682 τε
185 2618 246 2699 τήν
269 2620 445 2702 Γοβολῖτιν
468 2613 523 2681 καὶ
546 2615 581 2681 οί
601 2618 662 2701 τήν
685 2616 819 2702 Πέτραν
842 2626 1089 2702 κατοικοῦντες,
1113 2622 1151 2684 οἳ

118 2727 307 2788 ’καλοῦνται
326 2720 386 2808 μέν
401 2721 623 2808 Ἀμαληκῖται,
646 2723 867 2807 μαχιμώτατοι
892 2719 928 2787 δέ
946 2732 1013 2788 τῶν
1037 2721 1145 2789 ἐκεῖσε

129 2827 241 2904 ἐθνῶν
263 2813 422 2915 ὑπῆρχον.
468 2823 515 2900 ὧν
538 2826 719 2912 πέμποντες
746 2829 781 2900 ολ
808 2831 955 2912 βασιλεῖς
977 2826 1145 2913 ἀλλήλους
1160 2847 1188 2889 ισ

117 2958 163 3000 τε
186 2933 240 3001 καὶ
267 2938 345 3012 τοὺς
372 2927 560 3019 περιοίκους
587 2930 642 2998 ἐπὶ
667 2935 727 2999 τὸν
749 2937 832 3020 πρὸς
850 2927 1024 3021 Ἑβραίους
1046 2930 1147 3003 πόλε-

119 3065 193 3124 μον
220 3041 448 3128 παρεκάλουν,
481 3041 622 3126 στρατὸν
650 3037 842 3124 ἀλλόφυλον
871 3038 927 3104 καὶ
955 3049 1013 3124 τῆς
1039 3041 1146 3123 ΙΛίγυ-

128 3150 232 3211 πτίων
251 3145 442 3231 ἀποδράντα
461 3147 614 3220 δουλείας
632 3142 824 3229 ἐφεδρεύειν
847 3145 959 3221 αὐτοῖς
980 3143 1146 3231 λέγοντες,

128 3252 215 3336 <41>
235 3251 292 3318 εὃν
311 3252 351 3318 ού
369 3257 476 3328 καλῶς
494 3253 559 3337 ἔχει
582 3259 752 3336 περιορᾶν,
775 3250 859 3316 ἀλλά
881 3249 961 3336 πρὶν
984 3251 1004 3335 ή
1028 3255 1146 3336 λαβεῖν

127 3360 227 3445 ίσχῦν
245 3355 300 3422 καὶ
318 3363 499 3445 παρελθεῖν
517 3360 565 3435 είς
582 3356 743 3441 εὐπορίαν
760 3354 815 3422 καὶ
838 3357 960 3434 αὐτοὺς
982 3365 1038 3440 τῆς
1061 3361 1146 3443 πρὸς
1160 3376 1189 3418 ω

190 3485 266 3549 τοι
278 3507 314 3528 2
327 3478 417 3537 πετο,
437 3478 516 3536 xvn
535 3485 559 3535 ε.
