2460 3848
124 159 167 221 14
495 153 768 206 APXA10A01'1A2

123 318 178 386 καὶ
208 320 328 384 αὐτόθι
357 326 499 382 ποιεῖται
528 316 589 399 τήν
618 317 828 397 κατοίκησιν,
860 309 933 378 ἐνθ’
965 312 1053 401 αὐτῷ
1082 312 1138 377 καὶ

123 428 237 502 παῖδες
270 423 433 508 ἐγίνοντο.
480 421 541 488 οὐκ
571 419 624 486 ἐπὶ
653 423 816 507 νουθεσίᾳ
846 416 883 484 δέ
910 421 972 503 τήν
998 423 1137 487 κόλασιν

124 535 242 615 ἔλαβεν
261 528 333 596 ἀλλ’
352 525 402 595 ἐπ’
421 527 557 612 αὐξήσει
575 536 632 610 τῆς
649 531 774 609 κακίας,
796 526 924 610 ἡδονήν
943 523 1005 610 μὲν
1027 536 1138 593 πᾶσαν

125 637 303 723 ἐκπορίζων
335 635 438 701 αὑτοῦ
468 644 513 723 τῷ
542 635 688 718 σώματι,
718 633 782 698 κάν
809 630 884 717 μεθ’
916 632 1044 717 ύβρεως
1071 645 1138 699 τῶν

125 745 296 808 συνόντων
315 739 373 828 δέη
392 742 515 824 ταύτην
538 743 637 826 ἔχειν,
660 741 748 824 <61>
767 740 877 818 αύξων
900 736 938 803 δὲ
961 742 1019 805 τὸν
1043 734 1137 806 οἷκον
1164 759 1177 798 ⁵

124 851 245 932 πλήθει
273 848 448 935 χρημάτων
476 847 508 925 ἐξ
537 846 684 932 ἀρπαγής
711 845 766 912 καὶ
788 850 878 930 βίας,
904 849 987 931 πρὸς
1009 845 1138 930 ἡδονήν

124 953 179 1020 καὶ
202 957 356 1040 λῃστείαν
378 957 456 1030 τοὺς
475 953 736 1039 ἐντυγχάνοντας
757 958 957 1039 παρακαλῶν
981 953 1138 1017 διδάσκα-

125 1067 182 1138 λος
204 1061 315 1138 αὐτοῖς
337 1072 494 1146 πονηρῶν
516 1061 662 1146 ὑπῆρχεν
686 1060 963 1144 ἐπιτηδευμάτων.
999 1057 1054 1123 καὶ
1076 1060 1137 1143 τήν

125 1168 385 1252 ἀπραγμοσύνην
417 1165 496 1251 μέν,
527 1161 549 1252 ᾗ
581 1171 744 1253 πρότερον
774 1165 919 1245 συνέζων
951 1167 1138 1250 ἅνθρωποι,

125 1273 253 1359 μέτρων
284 1274 413 1361 ἐπινοίᾳ
442 1272 496 1339 καλ
527 1280 685 1358 σταθμῶν
715 1276 950 1357 μετεστήσατο,
982 1270 1138 1358 ἀκέραιον
1153 1293 1179 1332 ιο

126 1380 237 1456 αὐτοῖς
265 1381 345 1445 ὄντα
372 1383 431 1447 τὸν
458 1383 534 1464 βίον
563 1380 599 1446 ἐκ
621 1389 679 1464 τῆς
704 1380 832 1445 τούτων
856 1378 1000 1463 ἀμαθίας
1023 1378 1078 1443 καὶ
1101 1382 1138 1444 τὸ

125 1490 357 1572 μεγαλόψυχον
381 1489 428 1563 είς
449 1490 656 1573 πανουργίαν
678 1487 896 1572 περιαγαγών.
935 1485 1021 1568 <62>
1040 1485 1140 1571 ὅρους

125 1616 159 1657 τε
182 1602 242 1677 γῆς
263 1604 392 1678 πρῶτος
415 1597 524 1678 ἔθετο,
546 1592 600 1659 καὶ
622 1596 721 1658 πόλιν
745 1592 897 1677 ἐδείματο
920 1590 974 1657 καὶ
998 1595 1139 1676 τείχεσιν

126 1698 319 1785 ὠχύρωσεν,
342 1703 389 1776 εἰς
401 1701 501 1765 ταὺτὸ
517 1704 695 1765 συνελθεῖν
714 1702 791 1775 τοὺς
814 1700 955 1774 οἰκείους
978 1720 1139 1781 καταναγ-

125 1805 236 1882 κάσας.
276 1804 331 1870 καὶ
358 1807 419 1889 τήν
445 1809 544 1871 πόλιν
572 1803 610 1870 δὲ
641 1807 763 1888 ταύτην
795 1804 858 1870 ἀπὸ
884 1801 1049 1889 Ἀνώχου,
1077 1814 1138 1869 τοῦ
1154 1822 1178 1862 1⁵

125 1911 351 1993 πρεσβυτάτου
375 1913 504 1994 παιδός,
524 1907 670 1997 Ἀνώχαν
689 1910 852 1976 ἐκάλεσεν.
890 1909 976 1993 <63>
992 1906 1138 1994 Ἀνώχου

126 2012 163 2080 δὲ
183 2013 328 2102 Ἰαράδης
340 2018 413 2094 υίὸς
427 2013 482 2101 ἦν·
506 2016 543 2082 ἐκ
562 2014 599 2082 δέ
617 2018 736 2083 τούτου
754 2018 969 2102 Μαρούηλος,
992 2011 1033 2081 οὑ
1051 2020 1139 2098 γίνε-

124 2148 177 2189 ται
213 2135 289 2201 παῖς
319 2125 563 2201 Μαθουσάλας·
600 2135 660 2190 τοῦ
693 2120 729 2188 δὲ
758 2124 929 2208 Λάμεχος,
965 2115 991 2210 ᾧ
1024 2123 1140 2199 παῖδες

124 2231 274 2318 ὑπῆρξαν
293 2228 373 2296 ἑπτά
392 2229 446 2296 καὶ
466 2229 704 2316 ἑβδομήκοντα,
728 2230 763 2295 ἐκ
782 2230 843 2295 δύο
862 2240 1030 2312 γυναικῶν
1049 2229 1138 2316 αὐτῶ

125 2338 259 2420 φύντες,
278 2342 406 2414 Σελλᾶς
423 2336 479 2401 καλ
498 2335 603 2413 Ἀδᾶς.
641 2337 727 2420 <64>
747 2337 875 2401 τούτων
895 2332 1048 2419 Ἰώβηλος
1066 2333 1139 2420 μέν,
1153 2353 1180 2393 2⁰

127 2441 159 2519 ἐξ
188 2438 285 2518 Ἀδάς
316 2444 480 2525 γεγονώς,
513 2443 636 2526 σκηνάς
673 2441 811 2526 ἐπήξατο
847 2440 903 2506 καὶ
939 2445 1139 2526 προβατείαν

126 2547 309 2630 η’γάπησεν,
333 2544 501 2631 Ἰούβαλος
524 2546 577 2632 δέ,
600 2549 798 2633 ὁμομήτριος
821 2548 867 2613 ῶν
891 2547 997 2636 αὐτῷ,
1024 2565 1139 2632 μουσι-

126 2654 188 2735 κήν
206 2655 328 2736 ήσκησε
346 2652 402 2718 καλ
419 2658 583 2739 ψαλτήρια
601 2653 656 2719 καὶ
674 2656 815 2741 κιθάρας
834 2653 999 2738 ἐπενόησε.
1036 2658 1139 2738 Θόβε-

126 2766 183 2838 λος
212 2757 250 2825 δὲ
279 2771 346 2826 τῶν
379 2761 414 2827 ἐκ
442 2771 499 2844 της
526 2760 636 2848 ἑτέρας
665 2765 872 2844 γεγονότων,
905 2762 996 2845 ίσχύι·
1016 2761 1140 2837 πάντας

126 2868 356 2955 ὑπερβάλλων,
379 2869 417 2932 τὰ
431 2870 591 2951 πολεμικά
606 2871 791 2953 διαπρεπῶς
810 2872 986 2951 μετῆλθεν,
1010 2866 1046 2932 ἐκ
1063 2868 1139 2932 τού-
1153 2883 1179 2924 25

126 2999 193 3041 των
216 2974 269 3040 καλ
293 2976 332 3039 τά
355 2978 437 3059 πρὸς
455 2975 582 3058 ἡδονήν
605 2976 833 3059 τοῦσώματος
857 2973 1037 3060 ἐκπορίζων
1062 2980 1139 3059 χαλ-

126 3086 218 3146 κείαν
242 3105 275 3146 τε
299 3093 427 3166 πρῶτος
455 3079 619 3163 ἐπενόησε.
665 3082 752 3166 <65>
774 3083 881 3167 πατήρ
912 3077 949 3146 δὲ
971 3082 1140 3164 θυγατρὸς

127 3189 304 3271 γενόμενος
318 3189 469 3272 Λάμεχος
483 3191 617 3272 Νοεμᾶς
640 3190 756 3273 ὄνομα,
779 3186 849 3254 ἐπεὶ
868 3189 907 3252 κά
925 3193 1004 3252 θεῖα
1027 3198 1140 3270 σαφῶς

128 3293 376 3377 ἐξεπιστάμενος
400 3291 486 3378 ἑώρα
510 3296 606 3377 δίκην
630 3292 747 3360 ἑαυτὸν
770 3293 934 3379 ὑφέξοντα
956 3304 1013 3377 τῆς
1036 3293 1140 3368 Κάιος

128 3400 406 3483 ἀδελφοκτονίας,
442 3409 540 3465 τοῦτο
572 3412 642 3478 ταῖς
674 3398 794 3467 ἑαυτοῦ
826 3399 977 3484 γυναιξὶν
1008 3399 1140 3482 ἐποίησε
1154 3416 1181 3456 ³⁰

200 3528 215 3588 5
235 3526 269 3576 60
285 3548 317 3568 =
334 3521 400 3576 Gen.
421 3521 460 3576 IV
481 3528 520 3575 17.
