2460 3848
149 110 215 176 292
517 112 796 173 mmmm

150 273 210 349 νάς
232 277 357 349 πίστεις
379 273 500 338 ἔδοσαν
518 271 606 358 αὐτῷ
629 273 814 356 παραδόντι
834 271 897 354 τὴν
922 275 1034 340 πόλιν
1061 278 1172 342 σώσειν

150 379 253 445 αὐτόν
275 401 310 444 τε
333 376 489 454 καὶτοὺς
511 389 682 460 συγγενεῖς
700 377 815 443 αὐτοῦ·
838 376 1000 456 κάκεῖνος
1027 379 1088 447 ἐπὶ
1109 383 1173 448 τού

150 508 219 562 τοις
251 486 361 568 ώμννε
392 485 453 568 τὴν
485 477 591 548 πόλιν
614 483 726 559 αὐτοῖς
754 483 941 568 ἐγχειριεῖν.
991 485 1055 552 καὶ
1080 487 1101 554 δ
1125 484 1174 573 μὲν

151 591 238 657 οὕτω
260 591 407 674 προδοὺς
434 589 569 667 σώζεται
597 590 677 673 μετά
704 600 771 655 τῶν
794 591 945 672 οίκείων,
977 594 1017 656 οἳ
1041 589 1077 657 δ’
1106 593 1176 659 ἀπο

150 700 335 770 κτείναντες
358 695 504 772 άπαντας
525 696 604 771 τοὺς
627 693 838 772 ἐνοικοῦντας
859 689 954 781 εἶχον
979 698 1049 782 την
1074 703 1196 766 πόλιν.5

115 817 131 864 ‘1
218 800 327 883 (132)
357 797 413 865 καὶ
442 802 523 885 μετὰ
554 811 656 868 ταῦτα
684 803 767 887 πρὸς
795 796 857 885 μέν
883 804 967 878 τοὺς
995 810 1178 890 πολεμίους

150 910 303 991 μαλακῶς
321 899 412 990 εἶχον
432 906 467 971 οἱ
479 902 690 990 Ἰσραηλῖται,
711 916 769 991 τῆς
788 902 825 971 δὲ
843 914 904 988 γῆς
925 905 988 972 καὶ
1008 921 1085 977 τῶν
1109 913 1178 978 ταύ

150 1035 207 1095 της
239 1014 347 1095 ἔργον
379 1011 609 1096 ἐπεμελοῦντο.
653 1023 721 1078 τῶν
752 1007 790 1079 δὲ
821 1011 904 1077 κατὰ
929 1014 998 1078 τὸν
1029 1022 1179 1084 πλοῦτον

150 1117 263 1194 αὐτοῖς
293 1115 528 1200 ἐπιδιδόντων,
559 1117 624 1183 ὑπὸ
648 1126 775 1202 τρυφῆς
803 1114 859 1182 καί
881 1116 1016 1203 ἡδονῆς
1039 1133 1109 1190 τοῦ
1131 1127 1179 1190 κό

150 1240 237 1307 σμου
257 1221 464 1309 ὠλιγώρουν,
485 1221 618 1308 καὶτῆς
639 1227 805 1300 πολιτείας
827 1233 895 1289 τῶν
917 1225 1044 1308 νόμων
1071 1226 1176 1295 οὐκέτ’
1189 1242 1204 1282 1⁰

149 1326 235 1413 ἦσαν
267 1329 414 1414 ἀκριβεῖς
445 1327 612 1413 ἀκροαταί.
664 1329 774 1413 <133>
804 1326 1028 1413 παροξυνθὲν
1061 1333 1097 1399 δ’
1133 1333 1181 1402 ἐπὶ

149 1438 279 1513 τούτοις
307 1437 345 1501 τὸ
375 1442 473 1501 θεῖον
503 1434 636 1522 ἀναιρεῖ
666 1446 798 1520 πρῶτον
830 1431 892 1519 μὲν
922 1435 967 1511 ὡς
1000 1444 1181 1522 φείσαιντο

149 1543 237 1624 παρὰ
264 1543 325 1625 τὴν
352 1541 456 1607 αὐτοῦ
483 1541 620 1625 γνώμην
646 1552 714 1606 τῶν
738 1542 958 1623 Χαναναίων,
991 1544 1114 1611 ἔπειθ’
1142 1548 1182 1623 ὡς

151 1647 270 1713 ἐκεῖνοι
297 1647 474 1731 χρήσοιντο
501 1652 609 1731 πολλῇ
635 1642 706 1713 κατ’
737 1646 847 1712 αὐτῶν
876 1645 1027 1730 ώμότητι
1060 1663 1181 1737 καιροῦ

151 1755 337 1837 λαβόμενοι.
382 1751 492 1834 <134>
515 1755 549 1816 οἳ
576 1748 613 1816 δὲ
639 1749 694 1817 καλ
723 1754 806 1838 πρὸς
827 1752 868 1817 τά
889 1752 978 1835 παρά
1003 1767 1072 1821 τοῦ
1096 1765 1181 1825 θεοῦ
1192 1770 1209 1812 1⁵

151 1857 332 1939 δυσθύμως
351 1850 442 1940 εἶχον
461 1853 517 1919 καὶ
539 1858 623 1936 πρὸς
640 1858 677 1921 τὸ
695 1861 852 1940 πολεμεῖν
871 1854 992 1940 ἀηδῶς,
1011 1865 1133 1929 πολλά
1150 1887 1182 1929 τε

151 1962 240 2048 παρὰ
262 1972 330 2026 τῶν
359 1964 561 2027 Χαναναίων
584 1965 741 2046 λαβόντες
762 1961 818 2028 καὶ
840 1964 923 2048 πρὸς
944 1965 1027 2039 τοὺς
1052 1973 1182 2048 πόνους

151 2071 215 2153 ἡδη
236 2069 291 2134 διά
313 2068 371 2151 τὴν
389 2068 520 2152 τρυφὴν
540 2065 761 2151 ἐκλελυμένοι.
806 2068 916 2151 <135>
937 2065 993 2132 καὶ
1017 2072 1182 2159 συνέβαι-

152 2199 212 2242 νεν
229 2176 292 2259 ἡδη
309 2175 371 2258 τὴν
391 2173 644 2261 ἀριστοκρατίαν
659 2174 877 2260 διεφθάρθαι,
900 2172 955 2238 καὶ
976 2175 1038 2251 τὰς
1059 2203 1181 2267 γερου-

154 2285 228 2357 σίας
245 2281 306 2346 ούκ
320 2279 561 2347 ἀπεδείκνυσαν
581 2277 653 2347 οὐδ’
677 2279 782 2367 ἀρχὴν
801 2281 905 2364 ἀλλην
924 2279 1093 2364 οὐδεμίαν
1113 2300 1181 2353 τῶν
1193 2301 1214 2340 2⁰

150 2391 313 2474 πρότερον
331 2386 591 2472 νενομισμένων,
613 2382 698 2469 ἦσαν
723 2385 753 2452 δ’
776 2386 813 2452 ἐν
835 2398 904 2463 τοῖς
925 2384 1042 2469 ἀγροῖς
1067 2390 1180 2478 ἡδονῇ

151 2501 212 2557 τοῦ
247 2494 435 2575 κερδαίνειν
463 2490 730 2576 προσδεδεμένοι.
775 2489 830 2556 καὶ
863 2493 918 2556 διδι
949 2491 1010 2573 τὴν
1040 2501 1180 2583 πολλὴν

153 2595 270 2658 ἀδειαν
285 2595 397 2671 στάσις
407 2596 527 2671 αὐτοὺς
536 2597 636 2661 πάλιν
650 2595 892 2679 καταλαμβάνει
901 2597 1005 2680 δεινή,
1019 2598 1079 2664 καὶ
1093 2625 1180 2689 προ-

152 2701 308 2785 ἡχθησαν
331 2701 378 2774 είς
404 2702 442 2765 τὸ
465 2705 621 2783 πολεμεῖν
644 2698 799 2783 ἀλληλοις
822 2699 858 2764 ἐκ
880 2704 1033 2785 τοιαύτης
1055 2709 1179 2787 αἰτίας.

119 2824 138 2872 8
224 2805 334 2889 <136>
344 2809 485 2890 Λευίτης
499 2805 582 2891 ἀνὴρ
597 2817 664 2871 τῶν
674 2805 956 2892 δημοτικωτέρων,
970 2818 1027 2892 της
1038 2807 1178 2900 Ἐφραΐ.
1192 2830 1216 2870 25

151 2936 216 2996 μου
248 2916 446 2998 κληρουχίας
475 2911 522 2976 ών
553 2908 608 2976 καὶ
639 2910 675 2977 ε’ν
706 2911 814 2998 ἐκείνη
844 2924 1024 2996 κατοικῶν,
1056 2917 1177 2998 ἄγεται

151 3021 291 3100 γύναιον
320 3017 384 3084 ἀπὸ
407 3015 625 3102 Βηθλεέμων·
658 3026 714 3101 τῆς
744 3015 781 3084 δὲ
807 3015 917 3084 Ἰούδα
946 3024 1053 3104 φυλῆς
1075 3025 1171 3091 τοῦτ’

152 3123 221 3189 ἐστὶ
239 3127 276 3191 τὸ
298 3126 431 3210 χωρίον.
468 3123 554 3209 ἐρῶν
573 3120 611 3189 δὲ
629 3126 759 3208 σφόδρα
777 3133 834 3208 τὴς
851 3127 1008 3208 γυναικὸς
1029 3124 1085 3190 καὶ
1110 3142 1176 3197 τοῦ

150 3230 295 3306 κάλλους
312 3229 413 3313 αὐτῆς
429 3227 608 3314 ἡττημένος
626 3230 749 3314 ἡτύχει,
770 3240 838 3294 τῶν
856 3228 933 3316 παρ’
957 3231 1083 3312 ἐκείνης
1106 3237 1173 3323 οὐχ

222 3371 237 3431 ς
260 3366 459 3423 131=1udic.
480 3367 492 3420 1
510 3374 553 3424 τε.
620 3373 635 3434 ς
655 3367 906 3422 132=1udic.11
926 3373 966 3423 11.
1031 3375 1046 3434 ς
1066 3377 1118 3425 136
1135 3401 1172 3420 ἒ

148 3451 236 3510 ludio.
257 3453 320 3508 XIX
342 3461 364 3511 1.
