2460 3848
95 153 163 218 224
460 155 735 208 Apxnvomz

94 319 321 401 πλησθήσεται
352 325 441 381 πᾶσα
471 316 492 399 ή
525 324 567 400 γη
599 313 653 380 καὶ
683 315 841 381 θάλαττα.
887 310 1043 399 ἀρκέσετε
1080 310 1119 378 δὲ

94 431 140 508 τῷ
162 425 275 509 κόσμῳ
298 432 478 507 παρασχεῖν
501 418 620 508 ἑκάστη
643 431 685 507 γῇ
708 433 775 488 τῶν
793 417 851 506 ἀφ’
873 419 1038 504 ὑμετέρου
1063 417 1119 504 γέ-

95 553 177 605 νους
199 530 380 613 οἰκήτορας.
426 527 536 612 <116>
553 530 738 612 θαυμάζετε
755 532 884 611 τοίνυν,
907 520 932 591 ὦ
952 527 1119 612 μακάριος

96 637 244 720 στρατός,
268 634 323 698 ὅτι·
341 644 498 711 τοσοῦτος
522 633 554 713 ἐξ
579 632 654 712 ἑνὸς
675 637 798 721 πατρὸς
820 638 987 718 γεγόνατε.
1030 632 1118 699 ἀλλά

95 743 133 805 τὸ
156 749 221 804 νῦν
243 739 338 824 ὑμῶν
362 740 478 824 ὀλίγον
500 740 521 825 ή
546 745 718 807 Χαναναία
740 743 884 827 χωρήσει
906 748 965 823 γῆ,
993 740 1057 824 τήν
1084 737 1144 805 δ’ὁ

96 842 296 929 οἰκουμένην
329 849 519 934 οἰκητήριον
555 843 599 912 δι’
636 849 757 924 αἰῶνος
790 854 858 912 ίστε
890 843 1118 932 προκειμένην

96 951 190 1034 ὑμῖν·
214 949 269 1015 καὶ
292 954 329 1017 τὸ
348 957 478 1037 πλῆθος
495 953 591 1038 ὑμῶν
610 955 647 1018 ἐν
664 976 700 1018 τε
718 956 833 1037 νήσοις
855 949 911 1018 καὶ
934 949 1004 1016 κατ’
1024 954 1120 1035 ήπει-

97 1081 159 1143 ρον
185 1060 370 1141 βιοτεύσετε
398 1060 480 1125 ὅσον
513 1058 602 1126 ἐστὶν
629 1057 702 1126 οὐδ’
729 1057 877 1145 ἀστέρων
905 1058 1052 1145 ἀριθμὸς
1083 1059 1120 1124 ε’ν

98 1163 241 1251 οὐρανῷ.
273 1166 444 1243 τοσούτοις
463 1163 496 1231 δ’
520 1161 617 1232 οὖσιν
636 1166 698 1232 οὐκ
716 1164 937 1252 ἀπαγορεύσει
955 1166 992 1229 τὸ
1018 1170 1120 1230 θείου

98 1268 270 1354 ἀφθονίαν
292 1267 354 1355 μὲν
377 1276 546 1338 παντοίων
574 1272 712 1355 ἀγαθῶν
736 1272 773 1337 ἐν
795 1274 911 1358 είρήνη
934 1282 1120 1356 χορηγοῦν,
1135 1288 1156 1326 1⁰

99 1379 198 1460 νίκην
222 1372 260 1441 δὲ
277 1374 332 1442 καλ
350 1378 469 1464 κράτος
492 1378 529 1444 ἐν
547 1377 688 1467 πολέμῳ.
733 1380 853 1455 παῖδας
877 1377 1011 1462 ἐχθρῶν
1036 1380 1122 1461 ἐρως

99 1491 159 1547 τοῦ
182 1482 303 1568 πρὸς“
286 1492 372 1567 υμᾶς
394 1482 541 1568 πολέμου
565 1484 679 1570 λάβοι,
701 1482 757 1550 καὶ
778 1490 1011 1570 θρασυνθεῖεν
1035 1485 1122 1550 ὥστε

100 1591 148 1665 είς
170 1588 255 1654 ὅπλα
282 1587 338 1654 καὶ
365 1590 422 1666 τάς
447 1588 607 1678 ὑμετέρας
633 1602 745 1678 χεῖρας
773 1590 896 1656 ἐλθεῖν.
941 1589 1055 1674 <117>
1080 1591 1122 1656 οὐ

101 1695 164 1780 γάρ
189 1693 231 1759 ἀν
258 1694 477 1781 ὑποστρέψειέ
497 1720 546 1773 τις
568 1700 766 1784 νικηφόρος,
790 1694 863 1762 οὐδ’
891 1697 973 1761 ὥστε
996 1699 1122 1775 παῖδας

100 1799 263 1886 εὐφρᾶναι
290 1798 346 1866 καὶ
372 1813 539 1884 γυναίκας.
584 1813 745 1870 τοσοῦτον
767 1803 849 1887 ὑμίν
879 1803 1058 1886 εὐανδρίας
1082 1807 1121 1870 τὸ
1137 1817 1160 1858 1⁵

100 1907 216 1989 περιὸν
239 1904 275 1969 ἐκ
292 1911 377 1971 θεοῦ
396 1912 555 1992 προνοίας
578 1908 767 1995 ἀνήρτηται,
790 1901 817 1996 ᾧ
841 1906 896 1973 καὶ
918 1910 958 1972 τά
980 1912 1122 1996 περιττὰ

100 2018 217 2093 μειοῦν
242 2013 336 2097 ίσχὺς
357 2010 412 2078 καὶ
435 2016 474 2078 τά
497 2018 653 2080 λείποντα
677 2013 835 2081 διδόναι.’

67 2139 83 2188 ὅ
160 2117 356 2202 ’<118>καὶ
384 2119 402 2186 δ
430 2117 491 2205 μὲν
518 2132 654 2189 τοιαῦτα
682 2121 891 2205 ἐπεθείαζεν,
924 2121 985 2186 οὐκ
1009 2121 1057 2186 ὢν
1083 2122 1122 2188 έν

102 2221 237 2309 ἑαυτοῦ,
261 2235 305 2315 τῷ
330 2224 368 2292 δὲ
389 2232 473 2317 θείῳ
497 2230 657 2314 πνεύματι
680 2232 763 2316 πρὸς
785 2228 868 2293 αύτά
891 2227 1121 2312 κεκινημένος·

101 2341 161 2397 τοῦ
185 2327 222 2396 δὲ
244 2334 401 2399 Βαλάκου
425 2337 717 2421 δυσχεραίνοντος,
740 2333 794 2399 καλ
817 2337 1036 2420 παραβαίνειν
1060 2336 1121 2400 αὐ·
1136 2351 1160 2389 2⁰

100 2440 160 2503 τὸν
183 2439 240 2514 τάς
263 2443 434 2523 συνθήκας
463 2439 515 2525 ἐφ’
543 2433 594 2518 αἷς
617 2441 719 2506 αὑτὸν
747 2439 822 2505 ἀντὶ
844 2440 996 2524 μεγάλων
1021 2441 1122 2525 λάβοι

101 2544 238 2628 δωρεῶν
265 2546 354 2629 παρὰ
385 2557 452 2611 τῶν
484 2546 666 2631 συμμάχων
696 2545 931 2623 ἐπικαλοῦντος
959 2545 1122 2629 (ἐλθόντα

101 2647 164 2732 γὰρ
189 2646 241 2712 ἐπὶ
259 2650 384 2737 κατάρᾳ
402 2662 469 2715 τῶν
487 2655 666 2735 πολεμίων,
688 2652 807 2735 ὑμνείν
826 2653 947 2730 αὐτοὺς
971 2652 1123 2731 ἐκείνους

100 2748 156 2816 καὶ
179 2757 447 2840 μακαριωτάτους
471 2756 669 2843 ἀποφαίνειν
692 2757 896 2846 ἀνθρώπων)
908 2809 918 2843 ,
940 2759 1051 2843 <119>
1074 2755 1120 2824 ’ὦ

102 2858 249 2924 Βάλακέ’
273 2879 368 2946 φησι,
391 2861 482 2950 ’περὶ
505 2875 572 2930 τῶν
595 2865 683 2930 όλων
706 2867 827 2947 λογίζει
850 2863 906 2931 καὶ
929 2867 1038 2942 δοκεῖς
1062 2863 1116 2950 ἐφ’
1136 2880 1161 2921 2⁵

102 2964 181 3048 ἡμῖν
205 2961 297 3032 εἷναί
311 2992 342 3033 τι
361 2969 436 3057 περὶ
454 2981 521 3036 τῶν
543 2973 704 3037 τοιούτων
728 2981 826 3054 σιγᾶν
849 2971 869 3055 ή
893 2970 1013 3056 λέγειν,
1037 2972 1120 3037 ὅταν

101 3071 187 3156 ἡμᾶς
208 3075 245 3138 τὸ
271 3085 331 3141 τοῦ
358 3081 443 3142 θεοῦ
467 3078 551 3164 λάβη
579 3089 723 3163 πνεῦμα;
753 3078 867 3163 φωνάς
890 3079 953 3163 γάρ
977 3077 1015 3153 ἀς
1037 3079 1120 3160 βού-

101 3183 192 3245 λεται
215 3190 313 3247 τοῦτο
337 3180 392 3247 καὶ
419 3186 540 3267 λόγους
563 3180 664 3249 οὐδὲν
690 3183 785 3268 ήμῶν
807 3185 946 3250 είδότων
970 3182 1120 3268 ἀφίησιν.

102 3285 212 3371 <120>
236 3287 300 3371 ἐγὼ
328 3285 367 3353 δὲ
393 3287 560 3373 μέμνημαι
587 3286 648 3373 μὲν
679 3283 783 3353 ὧντε
807 3292 848 3354 σὺ
872 3287 927 3354 καλ
949 3291 1119 3355 Μαδιανί-

103 3417 155 3458 ται
179 3393 355 3480 δεηθέντες
378 3396 539 3463 ένταυθοί
564 3421 603 3482 με
626 3396 808 3481 προθύμως
830 3396 967 3480 ἠγάγετε
991 3392 1046 3458 καὶ
1070 3394 1115 3460 δι’
1135 3416 1161 3454 ³0

156 3523 177 3585 ε
198 3526 303 3576 116=
316 3519 403 3578 Num.
422 3519 517 3578 ΧΧΠΙ
539 3525 582 3577 ιο.
596 3524 642 3575 εε.
713 3521 731 3582 ε
748 3521 802 3570 1ss
815 3515 949 3567 dm·
962 3515 1061 3565 ffl-
1078 3523 1122 3568 w
