2460 3848
103 153 148 218 94
468 155 742 208 ΑΡΧΔῙΟΔΟΓΙΑΣ

103 313 173 382 κατ’
205 311 298 382 οἶκόν
325 338 359 380 τε
386 315 570 400 φάσκοντες
596 314 708 400 εὑρεῖν
736 313 773 379 ἐν
800 324 869 391 τοῖς
892 316 1021 391 σακίοις
1043 312 1120 400 τάρ-

103 424 238 508 γύριον,
264 421 319 488 καὶ
342 430 407 486 νῦν
429 421 523 504 ἣκειν
546 418 766 504 ἐπανάγοντες
789 419 880 485 αὐτό.
925 420 1037 504 <121>
1059 430 1120 486 τοῦ

104 525 141 593 δέ
168 524 244 612 μηδ’
277 527 295 592 ὅ
322 551 353 591 τι
382 524 537 609 λέγουσιν
565 523 690 591 είδέναι
719 529 907 612 φήσαντος,
934 523 1120 611 ἀνείθησαν

103 643 163 698 τοῦ
191 630 295 709 δέους.
342 633 445 709 λύσας
470 655 505 697 τε
532 634 592 697 τὸν
615 637 781 717 Συμεῶνα
811 631 959 716 ἐτημέλει
983 635 1121 698 συνεσό-

103 761 205 822 μενον
232 747 301 814 τοῑς
328 736 494 823 ἀδελφοῖς.
539 736 699 815 ἐλθόντος
729 735 760 803 δ’
787 737 953 828 ἐντούτῳ
977 735 1146 804 numm-⁵

104 847 211 927 σήπου
233 842 298 909 ἀπὸ
326 852 383 927 τῆς
410 847 590 929 θεραπείας
612 854 673 911 τοῦ
695 841 876 928 βασιλέως,
906 844 947 909 τά
970 867 1004 909 τε
1029 847 1121 932 δῶρα

103 954 297 1036 παρήγαγον
320 949 408 1038 αὐτῷ
438 947 493 1014 καί
519 947 702 1039 πυθομένῳ
725 949 801 1034 περὶ
823 959 884 1017 τοῦ
906 954 1030 1036 πατρὸς
1052 955 1120 1017 ἐλεμ

103 1081 165 1140 γον
198 1057 248 1122 ὅτι
280 1059 491 1123 καταλίποιεν
523 1055 625 1121 αὐτὸν
654 1054 852 1141 ἐρρωμένον.
897 1056 1009 1140 <122>
1036 1057 1055 1122 δ
1083 1055 1121 1123 δὲ

103 1164 225 1247 μαθων
254 1165 402 1248 παρόντα
431 1164 490 1228 τὸν
517 1164 697 1245 Βενιαμίν,
729 1164 761 1226 εί
787 1157 885 1240 οὗτος
915 1162 933 1228 ὁ
961 1164 1121 1250 νεώτερος

103 1268 214 1334 αὐτῶν
238 1268 382 1354 ἀδελφὸς
408 1274 459 1352 είη
483 1264 552 1354 (καί
575 1268 639 1353 γάρ
662 1263 705 1351 ἦν
736 1268 839 1333 αὐτὸν
873 1264 1039 1355 ἑωρακώς)
1063 1267 1120 1334 ἀν·
1133 1284 1158 1324 1⁰

104 1372 221 1460 έκρινε.
267 1386 334 1439 τῶν
357 1371 395 1439 δὲ
417 1375 595 1460 φησάντων
619 1372 723 1439 αὐτὸν
746 1368 849 1458 εἶναι,
875 1376 960 1439 θεὸν
982 1369 1044 1457 μὲν
1068 1373 1120 1439 ἐπὶ

102 1488 204 1546 τάσιν
222 1474 314 1545 εἶπεν
333 1474 419 1545 εἶναι
436 1479 636 1565 προστάτην,
658 1474 780 1543 ὑπὸδὲ
803 1487 864 1569 τού
886 1478 1017 1554 πάθους
1039 1500 1120 1565 προ-

103 1590 266 1671 αγόμενος
288 1589 335 1664 είς
359 1586 486 1673 δάκρυα
509 1588 705 1670 μεθίστατο,
728 1586 772 1668 μὴ
796 1587 1000 1668 βουλόμενος
1021 1607 1120 1650 κατα-

102 1697 210 1778 φανὴς
232 1688 318 1759 εἶναι
340 1704 408 1770 τοϊς
426 1692 592 1778 ἀδελφοῖς.
638 1690 748 1774 <123>
767 1688 820 1754 ἐπὶ
843 1692 981 1755 δεῖπνόν
1004 1688 1033 1755 τ’
1062 1691 1119 1756 αύ-

101 1802 180 1875 τούς
206 1799 473 1883 παραλαμβάνει,
500 1797 555 1861 καὶ
582 1799 835 1863 κατακλίνονται
863 1792 924 1880 μέν
948 1797 1054 1874 οὕτως
1077 1798 1121 1874 ὡς
1133 1810 1157 1852 1⁶

102 1903 156 1968 καὶ
192 1903 280 1987 παρὰ
317 1909 362 1988 τῷ
399 1904 518 1985 πατρί,
549 1902 674 1978 πάντας
706 1899 739 1966 δ’
771 1903 892 1979 αὐτοὺς
919 1902 937 1968 ό
962 1898 1121 1987 Ἰώσηπος

103 2006 332 2090 δεξιούμενος,
356 2007 546 2071 διπλασίοσι
570 2010 700 2092 μοίραις
722 2018 789 2073 τῶν
813 2007 901 2095 αὐτῷ
925 2006 1119 2094 παρακειμέ-

103 2137 174 2179 νων
196 2115 255 2179 τὸν
277 2111 438 2198 Βενιαμίν
463 2113 563 2198 ἐτίμα.

68 2231 82 2280 7
168 2219 278 2304 <124>
293 2219 363 2286 ε’πεί
377 2217 415 2285 δὲ
429 2222 508 2305 μετά
522 2224 559 2287 τὸ
579 2223 717 2286 δεῖπνον
735 2222 781 2296 είς
799 2219 907 2285 ύπνον
926 2219 1118 2306 ἐτράποντο,

102 2327 228 2390 κελεύει
255 2329 314 2393 τὸν
341 2333 461 2411 ταμίαν
484 2331 543 2393 τόν
570 2351 604 2391 τε
629 2337 721 2393 σῖτον
745 2326 857 2402 αὐτοῖς
880 2327 998 2391 δοῦναι
1022 2349 1118 2410 μεμε-
1131 2339 1156 2381 2⁰

102 2429 266 2516 τρημένον
289 2430 344 2497 καὶ
375 2434 436 2514 τὴν
458 2433 556 2515 τιμὴν
579 2432 680 2495 πάλιν
704 2430 865 2516 ἐγκρύψαι
888 2441 958 2507 τοῖς
981 2436 1117 2509 σακίοις,

102 2539 149 2613 είς
167 2533 204 2601 δὲ
223 2540 260 2602 τὸ
279 2547 339 2602 τού
357 2534 518 2620 Βενιαμίν
541 2539 681 2622 φορτίον
703 2533 757 2601 καί
782 2538 912 2624 σκύφον
936 2537 1118 2623 ἀργυροῦν,

102 2636 128 2731 ᾧ
147 2645 255 2708 πίνων
275 2645 395 2726 έχαιρε,
417 2645 562 2726 βαλόντα
579 2647 779 2707 καταλιπεῖν.
823 2643 934 2727 <125>
953 2642 1056 2709 ἐποίει
1080 2640 1137 2708 δὲ·

101 2758 203 2815 ταῦτα
240 2747 415 2833 διάπειραν
455 2752 659 2833 βουλόμενος
694 2758 760 2814 τῶν
797 2747 953 2835 ἀδελφῶν
990 2752 1117 2832 λαβεῖν,

102 2858 242 2941 πότερόν
264 2875 342 2919 ποτε
366 2857 574 2938 βοηθήσουσι
602 2863 647 2942 τῷ
671 2852 832 2937 Βενιαμίν
855 2859 978 2938 κλοπῆς
1001 2851 1117 2937 ἐναγο-
1130 2868 1155 2911 2⁶

103 2960 191 3052 μένφ
218 2956 272 3025 καί
301 2959 455 3024 δοκοῦντι
482 2960 708 3042 κινδυνεύειν,
736 2959 756 3043 ἢ
786 2963 1039 3043 καταλιπόντες,
1072 2960 1118 3037 ὡς

103 3064 204 3133 οὐδὲν
224 3065 318 3133 αὐτοὶ
336 3068 644 3150 κεκακουργηκότες,
667 3063 781 3129 ἀπίασι
800 3067 883 3150 πρὸς
900 3068 959 3130 τὸν
982 3064 1116 3151 πατέρα.

101 3172 210 3256 <126>
228 3175 428 3256 ποιησαντος
446 3166 483 3234 δὲ
501 3179 561 3237 τοῦ
580 3168 710 3236 οίκέτου
728 3171 768 3235 τδι
787 3168 1015 3256 ἐντεταλμένα,
1035 3169 1112 3255 μεθ’

99 3274 225 3361 ἡμέραν
253 3273 354 3342 οὐδὲν
381 3276 507 3342 τούτων
535 3278 658 3351 εἰδότες
687 3276 722 3339 οί
742 3285 801 3341 τοῦ
821 3273 978 3360 Ἰακώβου
1001 3278 1117 3353 παῖδες

100 3381 247 3468 ἀπῇσαν,
274 3382 495 3468 ἀπειληφότες.
517 3384 576 3446 τὸν
600 3385 765 3464 Συμεῶνα
788 3380 843 3446 καί
866 3384 987 3465 διπλῆν
1009 3384 1116 3468 χαράν
1130 3400 1156 3441 ³0

171 3511 186 3572 ς
207 3509 256 3559 121
273 3530 305 3550 =
321 3503 388 3559 Gen.
407 3502 495 3557 XLIII
513 3507 555 3557 23.
