2460 3848
101 143 168 211 220
478 146 752 200 Apmvomz

102 307 236 375 δίδωσι·
259 309 298 374 τά
321 306 434 393 μέντοι
458 330 495 390 γε
517 309 600 394 πρὸς
618 316 657 392 τῇ
681 309 776 373 δόσει
798 316 858 373 τοῦ
880 309 1008 392 χωρίου
1031 309 1124 394 περί-

103 431 190 482 εισιν
213 414 318 498 αὐτὴν
336 411 515 498 Ἰορδάνης.

68 542 84 591 ³
170 522 258 606 <96>
277 520 382 595 οὕτως
399 513 461 586 οὖν
481 519 626 605 ἐχόντων
648 532 715 586 τῶν
737 519 949 606 πραγμάτων,
974 515 1124 584 ἐπιτίθε-

103 652 157 693 ται
179 637 248 703 τοῖς
267 622 482 710 Ἰσραηλίταις
495 623 600 711 Ὤγης
622 627 640 693 ὁ
659 636 717 711 της
735 628 929 711 Γαλαδηνῆς
951 623 1008 690 καὶ
1032 628 1124 690 Γαυ-

103 732 271 808 λανίτιδος
297 733 469 816 βασιλεύς,
497 735 638 820 στρατὸν
666 735 774 818 άγων,
800 731 856 798 καὶ
879 732 1035 796 σπεύδων
1060 728 1149 816 μένε

102 837 148 913 ὡς
179 834 233 901 ἐπὶ
263 841 452 923 συμμαχίαν
483 840 545 923 την
572 843 724 925 Σιχῶνος
755 842 857 923 φίλου
884 838 1125 924 τυγχάνοντος,

102 942 211 1028 εὑρὼν
240 940 270 1008 δ’
298 943 427 1012 ἐκεῖνον
448 947 514 1030 ἤδη
542 948 802 1032 προαπολωλότα
825 943 880 1010 καὶ
904 945 1010 1022 οὕτως
1033 947 1124 1028 ἐγνω

102 1060 172 1126 τοῖς
189 1047 357 1138 Ἑβραίοις
379 1055 426 1130 είς
449 1053 557 1138 μάχην
581 1052 709 1136 ἐλθεῖν,
731 1050 949 1137 περιέσεσθαί
967 1074 1003 1116 τε
1026 1057 1125 1136 νομί-

104 1159 169 1236 ζων
191 1155 326 1242 καὶτῆς
353 1158 469 1244 ἀρετῆς
497 1159 608 1224 αὐτῶν
636 1159 811 1243 διάπειραν
834 1160 1041 1242 βουλόμενος
1066 1165 1125 1224 λα-

102 1267 186 1347 βεῖν.
231 1264 319 1349 <97>
343 1265 533 1350 διαμαρτὼν
561 1261 599 1330 δέ
622 1275 680 1350 τῆς
707 1264 841 1341 ἐλπίδος
864 1265 963 1341 αὐτός
984 1262 1013 1328 τ’
1041 1263 1126 1331 ἀπο·
1140 1289 1164 1328 ιο

102 1373 244 1455 θνήσκει
262 1372 344 1437 κατά
366 1373 428 1456 την
451 1372 560 1458 μάχην
582 1370 638 1437 καὶ
662 1372 792 1456 σύμπας
813 1371 832 1437 ὁ
856 1373 994 1456 στρατὸς
1017 1372 1126 1438 αὐτοῦ

104 1478 344 1562 διαφθείρεται.
403 1481 553 1562 Μωυσῆς
594 1474 632 1543 δέ
672 1481 731 1544 τὸν
766 1479 916 1562 ποταμὸν
949 1475 1126 1564 Ἰάβακχον

104 1584 373 1668 περαιωσάμενος
410 1581 533 1670 διεξῄει
568 1593 626 1668 τῆς
654 1583 759 1668 Ὤγου
795 1587 964 1668 βασιλείας
999 1585 1057 1662 τάς
1090 1608 1126 1650 τε

103 1693 217 1767 πόλεις
234 1694 542 1777 καταστρεφόμενος
558 1689 614 1756 καὶ
632 1696 771 1758 κτείνων
789 1691 913 1768 πάντας
934 1693 1013 1767 τοὺς
1035 1689 1127 1757 ἐνοι-

66 1853 68 1858 .
104 1806 261 1882 κοῦντας,
289 1801 324 1862 οἳ
348 1795 404 1862 καὶ
426 1798 558 1886 πλοότω
587 1795 743 1884 διέφερον
765 1799 899 1864 πάντων
922 1808 988 1863 τῶν
1012 1797 1126 1884 ἐκείνη
1141 1819 1165 1858 ιε

104 1903 297 1988 ἠπειρωτῶν
316 1900 361 1969 δι’
384 1903 504 1990 άρετην
523 1912 582 1987 γης
600 1903 655 1969 καὶ
673 1905 1004 1991 πλῆθοςχρημάτων.
1035 1905 1127 1989 <98>

96 2003 180 2094 ’Ώγη
209 2005 247 2074 δέ
274 2008 416 2093 μέγεθός
442 2033 476 2074 τε
503 2008 559 2074 καί
581 2010 701 2087 κάλλος
727 2006 771 2094 ἦν
794 2003 869 2077 οἷον
892 2010 1018 2093 ὀλίγοις
1041 2015 1127 2096 σφό-

105 2120 181 2204 δρα·
206 2111 248 2201 ἧν
272 2113 310 2181 δὲ
332 2115 388 2182 καί
411 2117 492 2182 κατά
516 2128 609 2203 χεῖρα
632 2129 787 2200 γενναῖος
810 2117 913 2204 ἁνήρ,
937 2118 981 2192 ῶς
1005 2122 1061 2182 ίσα
1084 2119 1126 2182 τά

105 2234 173 2288 τῶν
192 2225 300 2308 ἔργων
319 2219 405 2291 εἶναι
424 2234 493 2300 τοῖς
511 2233 571 2290 τοῦ
590 2222 753 2308 μεγέθους
770 2222 826 2289 καὶ
848 2233 906 2307 τῆς
928 2205 1127 2309 εὐπρεπείας

105 2333 376 2414 πλεονεκτήμασι.
422 2333 483 2414 την
512 2328 542 2395 δ’
571 2333 667 2416 ίσχὺν
700 2330 804 2397 αὐτοῦ
831 2328 887 2395 καὶ
914 2332 951 2395 τὸ
981 2327 1126 2412 μέγεθος
1140 2350 1166 2388 20

106 2435 390 2522 ἐτεκμηριώσαντο
421 2419 540 2520 κλίνην
575 2437 678 2502 αὐτοῦ
715 2440 872 2521 λαβόντες
908 2435 945 2500 ἐν
976 2433 1126 2520 Ῥαβαθᾶ

106 2546 201 2609 πόλει
223 2553 290 2608 τῶν
317 2545 495 2626 βασιλείων
522 2550 579 2623 τῆς
598 2538 849 2625 Ἀμμανίτιδος,
881 2551 920 2627 τη
943 2537 1004 2625 μὲν
1027 2565 1126 2606 κατα-

107 2657 209 2733 σκευῇ
233 2650 392 2734 σιδηρᾶν,
420 2640 584 2733 τεττάρων
608 2644 646 2712 δὲ
668 2652 799 2734 πήχεων
822 2652 859 2715 τὸ
882 2644 999 2735 εὖρος,
1027 2651 1126 2733 μήκει

108 2749 146 2818 δὲ
172 2763 232 2820 τοῦ
261 2755 474 2829 διπλασίονος
501 2750 552 2817 ἑνὶ
578 2756 675 2838 πήχει
704 2757 846 2838 μείζονα.
892 2756 980 2839 <99>
1002 2757 1125 2820 τούτου

108 2864 225 2927 τοίνυν
243 2862 440 2934 πταίσαντος
457 2857 518 2923 οὐκ
537 2861 584 2935 είς
602 2861 639 2924 τὸ
657 2862 765 2944 παρὸν
784 2862 889 2943 μόνον
907 2871 976 2940 τοῖς
993 2856 1126 2946 Ἑβραί-
1140 2877 1166 2918 2⁵

109 2991 159 3043 οις
182 2963 324 3031 ἐπέδωκε
352 2966 391 3030 τά
418 2965 609 3051 πράγματα,
642 2964 725 3030 άλλδι
752 2963 807 3029 καὶ
836 2968 919 3052 πρὸς
941 2968 977 3031 τὸ
1001 2964 1126 3049 με’λλον

109 3072 249 3156 ἀγαθῶν
271 3071 384 3147 αὐτοῖς
406 3077 510 3148 αίτιος
532 3071 715 3137 ἀποθανὼν
737 3070 877 3158 ὑπῆρξε·
900 3070 955 3135 καὶ
978 3072 1041 3157 γάρ
1065 3075 1125 3138 πό-

109 3185 177 3256 λεις
205 3175 362 3262 ἐξήκοντα
389 3182 545 3263 λαμπρῶς
573 3179 661 3244 πάνυ
688 3176 928 3263 τετειχισμένας
953 3178 1126 3256 ὑποτελεῖς

110 3285 225 3373 ἐκείνω
244 3281 444 3369 παρέλαβον,
466 3281 521 3348 καὶ
540 3287 633 3349 λείαν
651 3286 779 3367 πολλὴν
799 3286 867 3371 ίδίηι
886 3308 920 3348 τε
943 3282 998 3348 καὶ
1022 3285 1125 3369 δημο-

108 3395 166 3480 σίμ
186 3391 307 3468 πάντες
328 3389 527 3477 εὐπόρησαν.
1140 3411 1166 3450 ιο

166 3520 185 3583 β
204 3520 241 3572 96
256 3543 294 3564 =
307 3514 393 3574 Num.
416 3512 482 3572 XXI
501 3519 546 3570 33.
621 3517 636 3580 ξ
655 3516 691 3567 98
707 3538 739 3558 ==
749 3511 871 3565 Deum.
884 3510 929 3560 m
943 3516 991 3561 u.
