2460 3848
102 145 167 210 114
470 146 744 199 ΑΡΧειοεονιεΣ

100 309 161 395 οὐχ
189 309 272 374 ὥστε
301 308 339 374 ἐκ
365 316 573 394 παρασκευῆς
600 308 713 372 δοκεῖν
744 305 827 372 ἀλλὰ
849 306 932 371 κατά
953 309 1126 392 θεωρίαν,

100 414 239 500 (μάτην’
263 409 373 498 εἶπεν,
404 409 446 478 “ὧ
473 417 669 498 βασίλισσα,
702 415 821 491 ταύτας
848 410 901 477 ἐπὶ
924 420 1035 498 τροφῆ
1059 423 1125 479 τοῦ

99 523 218 598 παιδὸς
240 524 417 605 μετακαλεῖ
436 520 493 596 τάς
515 529 690 602 γνναίκας,
717 523 754 584 αἳ
775 515 879 604 μηδὲν
905 518 990 601 πρὸς
1013 517 1124 584 αύτδν

100 622 258 709 συγγενὲς
276 627 423 710 ἔχουσιν·
448 631 479 688 εί
495 621 608 708 μέντοι
622 625 696 690 τινά
714 636 782 691 τῶν
795 623 983 709 Ἑβραΐδων
1001 620 1145 706 γυναι-’

99 742 168 796 κῶν
192 729 337 815 ἀχθῆναι
360 731 542 813 ποιήσειας,
563 727 634 815 τάχ’
661 729 703 795 άν
721 733 878 816 πρόσοιτο
900 730 1014 812 θηλὴν
1040 730 1151 815 ὁμό-ῐ»

100 836 234 922 φυλον.’
280 834 389 920 <227>
422 834 566 914 δόξασαν
600 832 637 901 δέ
669 834 778 919 λέγειν
806 831 844 901 εὖ
873 836 999 900 κελεύει
1023 833 1121 902 τοῦτ’

102 943 207 1027 αὐτὴν
227 941 398 1028 ἐκπορίσαι
416 940 471 1007 καὶ
489 954 556 1008 τῶν
574 947 813 1028 γαλουχουσῶν
835 942 910 1007 τινά
934 945 1125 1025 μετελθεῖν.

101 1049 122 1133 ῆ
146 1044 184 1113 δέ
206 1049 360 1133 τοιαύτης
382 1047 533 1127 ἐξουσίας
562 1046 745 1133 λαβομένη,
772 1057 881 1133 παρῆν
904 1048 1035 1130 άγουσα
1060 1050 1126 1132 τῆν

102 1152 225 1240 μητέρα
252 1152 371 1239 μηδενὶ
399 1154 659 1239 γινωσκομένην.
704 1153 759 1220 καὶ
787 1156 824 1220 τὸ
853 1155 990 1219 παιδίον
1020 1152 1126 1238 ἀσμε-

101 1243 201 1326 νίσαν
233 1281 303 1337 πως
333 1262 537 1346 προσφύεται
564 1270 603 1347 τῆ
630 1266 741 1346 θηλῆ,
772 1259 827 1326 καί
856 1262 1033 1344 δεηθείσης
1065 1270 1126 1345 τῆς
1139 1277 1166 1317 10

103 1368 276 1450 βασιλίδος
292 1367 480 1432 πιστεύεται
498 1368 559 1450 τῆν
582 1368 711 1453 τροφὴν
733 1376 793 1432 τοῦ
816 1367 952 1431 παιδίου
975 1367 1063 1451 πρὸς
1086 1370 1127 1433 νδ

67 1481 180 1537 οπᾶν.
226 1472 335 1558 <228>
366 1465 437 1560 κᾷτ’
471 1473 559 1560 αὐτῷ
589 1474 650 1557 τῆν
682 1471 854 1558 ἐπίκλησιν
883 1474 1008 1554 ταύτην
1037 1475 1128 1539 κατά

103 1582 139 1644 τὸ
164 1580 371 1664 συμβεβηκὸς
398 1580 495 1645 ἔθετο
522 1580 570 1655 είς
598 1580 657 1644 τὸν
680 1581 828 1662 ποταμὸν
852 1577 1037 1662 ἐμπεσόντι.
1087 1581 1127 1646 τὸ

103 1687 166 1771 γάρ
197 1685 290 1771 ὕδωρ
317 1695 368 1768 μῶ
397 1684 432 1749 οἱ
452 1686 630 1768 Αίγύπτιοι
657 1690 839 1768 καλοῦσιν,
871 1684 953 1767 ὐσῆς
981 1678 1020 1747 δὲ
1042 1687 1129 1762 τοὺς

105 1789 286 1866 σωθέντας·
310 1785 491 1865 συνθέντες
509 1784 572 1854 οὖν
596 1788 628 1866 ἐξ
652 1787 849 1875 ἀμφοτέρων
871 1789 932 1872 τῆν
955 1804 1128 1872 προσηγο-
1142 1807 1170 1848 15

104 1898 181 1979 ρίαν
205 1894 293 1979 αὐτῷ
315 1893 438 1976 ταύτην
460 1897 619 1958 τίθενται.
665 1895 775 1978 <229>
798 1893 853 1960 καὶ
871 1890 914 1978 ἦν
938 1893 1128 1978 ὁμολογου-

104 1997 212 2084 μένως
240 1999 322 2064 κατά
351 1999 412 2081 τῆν
439 2006 499 2062 τού
526 2004 611 2063 θεοῦ
640 2002 826 2085 πρόρρησιν
849 2002 1063 2087 φρονήματός
1088 2027 1127 2069 τε

104 2104 240 2191 μεγέθει
274 2102 329 2170 καί
365 2107 480 2170 πόνων
511 2107 755 2190 καταφρονήσει
780 2103 944 2194 Ἑβραίων
976 2107 1127 2193 άριστος.

107 2211 284 2301 [Ἅβραμος
313 2213 376 2298 γάρ
409 2210 498 2298 αὐτῷ
526 2212 632 2297 πατὴρ
663 2203 815 2296 ἕβδομος·
845 2209 1034 2298 Ἀμαράμου
1059 2211 1126 2297 μὲν

106 2321 169 2406 γάρ
193 2320 293 2396 αὐτὸς
314 2315 356 2401 ἦν
380 2329 471 2400 παῖς,
498 2316 516 2382 δ
540 2313 577 2381 δέ
600 2319 759 2403 Καάθου,
782 2314 823 2384 οὗ
846 2321 952 2405 πατὴρ
976 2317 1080 2396 Λευίς
1106 2322 1170 2388 62⁰

101 2422 276 2508 Ἰακώβου,
300 2423 336 2500 ὃς
358 2419 401 2505 ῆν
420 2420 535 2512 Ἰσάκῳ
559 2427 753 2508 γενόμενος,
772 2422 939 2512 Ἁβράμου
963 2422 1000 2489 δέ
1024 2421 1128 2505 οὗτος

104 2525 169 2621 ῆν]
217 2528 326 2612 <230>
359 2530 491 2606 σύνεσις
520 2527 550 2595 δ’
582 2530 623 2595 ού
650 2532 731 2595 κατὰ
759 2533 819 2615 τῆν
845 2532 978 2616 ἡλικίαν
1008 2530 1121 2617 ἐφύετ’

106 2633 212 2722 αὐτῷ,
243 2642 304 2699 τοῦ
327 2630 365 2698 δέ
392 2636 512 2720 ταύτης
533 2632 654 2722 μέτρου
677 2641 763 2702 πολὺ
787 2641 944 2723 κρείττων
966 2636 1022 2702 καὶ
1044 2660 1126 2726 πρε-

107 2737 264 2825 σβυτέρα·
289 2740 473 2806 διεδείκνυε
492 2737 529 2806 δὲ
551 2744 671 2828 ταύτης
688 2746 749 2828 τῆν
772 2748 967 2830 περιουσίαν
991 2743 1028 2808 ἐν
1051 2757 1125 2822 ταῖς

105 2849 269 2932 παιδιαῖς,
295 2843 350 2911 καὶ
378 2850 539 2930 μειζόνων
561 2860 628 2915 τῶν
657 2847 712 2914 ὑπ’
741 2850 863 2936 ἀνδρὸς
886 2846 1125 2935 γενησομένων
1141 2868 1169 2908 2⁵

107 2952 304 3040 ἐπαγγελίαν
327 2947 393 3038 εἶχε
416 2954 456 3018 τά
484 2957 556 3020 τότε
577 2959 794 3042 πραττόμενα.
839 2955 895 3023 καὶ
917 2968 1040 3045 τριετεῖ
1059 2954 1124 3039 μέν

107 3060 196 3148 αὐτῷ
228 3057 437 3148 γεγενημένῳ
470 3065 666 3144 θαυμαστὸν
694 3063 712 3128 δ
739 3065 819 3140 θεὸς
846 3066 883 3130 τὸ
911 3073 967 3146 τῆς
994 3063 1125 3146 ἡλικίας

107 3163 222 3248 ἐξῆρεν
245 3164 432 3250 ἀνάστημα·
469 3165 579 3251 <231>
601 3170 684 3253 πρὸς
707 3164 745 3233 δέ
767 3169 887 3246 κάλλος
910 3167 1023 3246 οὐδεὶς
1046 3168 1124 3254 άφι-

107 3272 241 3353 λότιμος
267 3266 310 3353 ῆν
334 3270 438 3348 οὕτως
461 3271 506 3348 ὡς
527 3276 680 3355 Μωυσῆν
707 3275 913 3359 θεασάμενος
936 3277 980 3359 μη
1005 3275 1123 3340 ἐκπλα-

107 3385 206 3461 γῆναι
224 3385 280 3459 τῆς
299 3376 489 3463 εὐμορφίας.
534 3385 670 3456 πολλοῖς
688 3403 722 3445 τε
742 3379 916 3465 συνέβαινε
935 3379 1012 3446 καθ’
1040 3382 1122 3448 ὁδὸν
1137 3397 1168 3438 ³⁰

169 3497 505 3563 §227=Exod,118.
