2460 3848
106 140 173 206 270
471 139 746 192 ιεεεεοοονιιε

104 299 225 389 βανον)
240 304 434 388 πορθμείων
453 323 487 366 τε
507 301 551 384 μή
571 302 816 384 τυγχανόντων,
834 299 1002 382 διαβατὸν
1019 300 1139 379 αὐτοῖς

105 407 338 492 ἐπαγγέλλεται
361 408 379 474 δ
402 409 482 482 θεὸς
511 408 663 488 ποιήσειν
693 408 752 471 τὸν
782 407 950 488 ποταμόν,
983 409 1138 488 μειώσας

105 515 209 581 αὐτοῦ
227 517 264 579 τὸ
282 519 425 596 πλῆθος·
449 510 534 594 (17)
549 509 604 575 καλ
623 509 676 576 δύ’
699 508 843 596 ἐπισχὼν
856 506 982 595 ἡμέρας
999 509 1136 596 Ἰησοῦς

105 623 268 704 διεβίβαζε
286 621 345 684 τὸν
364 619 506 703 στρατὸν
524 615 579 682 καὶ
597 619 659 702 τήν
677 619 812 702 πληθύν
831 618 964 682 άπασαν
981 619 1134 708 τοιούτῳ

104 729 223 812 τρόπφ.
269 732 420 809 προῇσαν
444 720 505 808 μὲν
524 724 560 789 οί
581 724 679 806 λερεῖς
701 724 762 807 τήν
785 724 928 806 κιβωτὸν
951 720 1158 808 φέροντες,ε

104 833 215 896 ἔπειτα
237 824 306 913 μετ’
333 830 455 907 αὐτοὺς
477 830 513 895 οί
533 834 688 914 Λευῖται,
711 832 772 912 τήν
795 851 829 894 τε
853 829 981 912 σκηνήν
1006 827 1133 895 καὶτὰ

104 939 185 1022 πρὸς
204 935 386 1021 ὑπηρεσίαν
405 947 476 1013 ταῖς
493 939 629 1013 θυσίαις
647 937 748 1019 σκεύη
766 938 967 1020 κομίζοντες·
986 936 1130 1003 εἵποντο

104 1040 142 1107 δέ
173 1054 242 1119 τοῖς
269 1046 425 1120 Λευίταις
455 1043 537 1108 κατά
564 1043 672 1128 φυλάς
699 1042 717 1108 δ
744 1051 808 1118 πᾶς
835 1041 968 1125 ὅμιλος,
1000 1039 1130 1124 μέσους

103 1151 189 1234 ἔχων
220 1151 340 1226 παῖδας
370 1147 426 1214 καὶ
457 1160 637 1232 γυναῖκας,
674 1149 792 1225 δεδιὼς
823 1145 898 1233 περὶ
931 1146 1048 1213 αὐτῶν
1082 1151 1128 1234 μή

103 1259 276 1338 βιασθεῖεν
294 1256 359 1320 ὑπὸ
378 1264 439 1321 τοῦ
458 1255 628 1341 ῥεύματος.
674 1255 760 1338 <18>
780 1255 824 1329 ὡς
847 1249 884 1319 δὲ
901 1264 972 1329 τοῖς
995 1254 1127 1340 ίερεῦσι
1142 1273 1165 1313 1⁰

103 1363 245 1447 πρώτοις
272 1361 389 1446 ἐμβᾶσι
416 1363 575 1447 πορευτὸς
601 1359 714 1439 ἔδοξεν
738 1353 766 1426 ὁΙ
779 1362 938 1443 ποταμός,
970 1369 1034 1424 τοῦ
1065 1358 1127 1445 μὲν

103 1468 233 1552 βάθους
256 1465 496 1553 ἐπεσχημένου,
525 1476 585 1533 τοῦ
608 1463 645 1531 δέ
668 1467 846 1552 κάχληκος,
873 1474 918 1553 τῷ
943 1467 987 1550 μή
1011 1471 1127 1533 πολύν

103 1568 188 1638 εἶναι
216 1571 293 1658 μηδ’
321 1572 401 1652 ὀξὺν
428 1576 486 1639 τὸν
515 1573 598 1659 ῥοῦν
627 1570 710 1638 ὥσθ’
737 1570 918 1658 ὑποφέρειν
946 1571 1055 1637 αὐτὸν
1086 1583 1126 1659 τῇ

102 1681 177 1765 βία,
207 1674 278 1743 ἀντ’
311 1677 456 1764 ἐδάφους
481 1676 654 1763 κειμένου,
685 1679 805 1754 πάντες
830 1679 893 1761 ήδη
924 1678 1126 1763 θαρραλέως

103 1782 317 1870 ἐπεραιοῦντο
340 1788 399 1851 τὸν
421 1789 586 1870 ποταμόν,
616 1777 690 1851 οἷον
713 1785 815 1850 αὐτὸν
838 1784 856 1850 ὁ
879 1785 960 1859 θεὸς
982 1797 1125 1869 προεῖπε
1140 1803 1163 1843 1⁵

101 1891 264 1972 ποιήσειν,
286 1900 439 1957 τοιοῦτον
461 1901 708 1967 κατανοοῦντες.
755 1889 841 1974 <19>
866 1891 1007 1973 ἐστησαν
1027 1888 1062 1954 δ’
1088 1891 1125 1958 ἐν

102 1993 190 2084 μέσφ
214 1995 250 2060 ολ
271 1995 379 2083 ἱερεῖς,
402 1996 463 2073 ἕως
486 1998 620 2080 διαβαίη
639 1999 676 2062 τὸ
699 2000 828 2079 πλῆθος
850 1994 905 2061 καὶ
927 1993 1125 2080 τάσφαλοῦς

103 2100 274 2187 ἁψάμενον
297 2104 399 2188 τύχοι.
445 2104 579 2169 πάντων
603 2099 641 2166 δὲ
664 2102 853 2186 διαβάντων
877 2100 996 2186 ἐξῇσαν
1020 2101 1059 2166 οί
1082 2104 1124 2168 ίε-

103 2221 188 2294 ρεῖς,
218 2209 399 2296 ἐλεύθερον
429 2208 566 2296 άφέντες
594 2210 659 2293 ήδη
686 2211 723 2274 τὸ
752 2208 858 2293 ῥεῦμα
887 2217 1008 2293 χωρεῖν
1036 2213 1123 2277 κατά

101 2316 162 2399 τήν
190 2320 383 2400 συνήθειαν.
428 2314 484 2381 καλ
512 2316 530 2382 δ
554 2311 614 2399 μὲν
641 2316 786 2398 ποταμὸς
813 2313 917 2390 εὐθύς
947 2312 1123 2396 ἐκβάντων
1136 2333 1162 2372 2⁰

102 2420 204 2486 αὐτὸν
227 2434 294 2488 τών
317 2420 481 2507 Ἑβραίων
507 2419 625 2503 ηύξετο
652 2418 708 2484 καὶ
734 2423 771 2484 τὸ
797 2421 884 2484 ίδιον
907 2417 1122 2504 ἀπελάμβανε

66 2547 82 2592 4
102 2523 259 2609 μέγεθος,
292 2529 378 2610 <20>
403 2530 438 2592 οἳ
459 2523 496 2591 δέ
522 2527 725 2607 πεντήκοντα
753 2528 976 2611 προελθόντες
998 2526 1122 2592 στάδια

99 2629 279 2712 βάλλονται
311 2631 535 2716 στρατόπεδον
567 2629 632 2695 άπὸ
665 2627 744 2694 δέκα
772 2633 916 2695 σταδίων
943 2639 998 2713 τῆς
1022 2627 1121 2717 Ἱερι-

99 2743 247 2819 χοῦντος.
289 2733 417 2820 Ἰησοῦς
436 2732 473 2800 δέ
492 2736 606 2819 βωμὸν
631 2733 755 2800 ἐκτῶν
778 2741 886 2801 λίθων
910 2730 957 2800 ὧν
981 2735 1120 2816 ἕκαστος

99 2839 246 2904 άνείλετο
269 2852 335 2905 τῶν
358 2841 539 2927 φυλάρχων
563 2840 598 2906 ἐκ
620 2851 681 2906 τοῦ
703 2845 831 2926 βυθοῦ,
859 2852 919 2907 τοῦ
941 2845 1119 2926 προφήτου
1134 2861 1160 2902 2⁵

98 2947 330 3030 κελεύσαντος,
354 2947 588 3033 ίδρυσάμενος,
611 2951 788 3035 τεκμήριον
810 2951 1035 3032 γενησόμενον
1058 2959 1120 3033 τῆς

98 3051 265 3135 ἀνακοπῆς
283 3062 343 3118 τοῦ
362 3053 534 3139 ῥεύματος,
557 3056 659 3119 ἔθυεν
683 3051 731 3119 ἐπ’
759 3053 861 3119 αὐτοῦ
884 3061 929 3140 τῷ
954 3059 1036 3139 θεῷ,
1059 3054 1117 3120 καὶ

98 3159 159 3241 τήν
177 3157 288 3243 φάσκα
307 3156 469 3245 ἑώρταζον
489 3158 525 3225 ἐν
546 3158 660 3248 ἐκείνφ
683 3168 728 3247 τῷ
752 3163 874 3248 χωρίῳ,
896 3160 1042 3242 πάντων,
1066 3153 1116 3224 ὧν

99 3264 211 3341 αὐτοῖς
234 3267 396 3350 πρότερον
415 3263 590 3349 συνέβαινε
615 3267 795 3347 σπανίζειν,
817 3267 889 3329 τότε
914 3265 1036 3351 ῥαδίως
1059 3265 1115 3329 εὐ-

97 3379 285 3456 ποροῦντες.
312 3369 423 3463 Ι<21>
454 3373 513 3437 τόν
544 3394 578 3436 τε
611 3372 674 3456 γάρ
707 3382 800 3436 σῖτον
832 3369 1015 3454 άκμάζοντα
1047 3372 1114 3455 ήδη
1129 3392 1157 3431 3ο

168 3491 453 3558 §17=Ios.1112.
