2460 3848
109 149 173 215 186
473 153 748 205 ΔΡΧΑΙΟΛΟΓῙΑΣ

104 310 170 380 τότ’
198 313 345 393 ἐξιόντας
367 315 541 397 Αἰγύπτου
567 320 672 379 θῦσαι
695 324 856 400 προεῖπον
878 314 980 399 ἡμᾶς,
1004 317 1125 403 Πάσχα

105 418 304 507 λεγομένην,
331 417 376 485 δι’
403 422 497 496 ἔτους
524 417 663 485 ἑκάστου
690 421 789 486 θύειν
813 420 955 504 ἐνόμισε.
1002 421 1062 488 καὶ
1084 425 1124 508 δη

104 533 264 611 τελοῦμεν
287 526 391 611 αὐτὴν
413 527 495 591 κατά
522 529 699 612 φρατρίας,
727 529 869 611 μηδενὸς
891 538 959 594 τῶν
982 528 1124 614 τεθυμέ-

105 659 175 700 νων
198 635 245 710 είς
263 634 323 717 τὴν
352 631 511 698 ἐπιοῦσαν
538 630 755 718 τηρουμένου.
802 634 912 717 <249>
929 631 1064 722 πέμπτῃ
1087 632 1123 700 δέ

104 737 160 806 καὶ
183 739 302 824 δεκάτη
325 735 510 823 διαδέχεται
537 738 597 822 τὴν
624 749 685 805 τοῦ
707 739 827 825 Πάσχα
848 739 869 823 ἡ
893 751 960 805 τῶν
988 739 1146 826 άζύμωνι

106 843 213 930 ἑορτή,
237 841 318 909 ἑπτὰ
339 841 462 931 ἡμέρας
484 839 580 928 οὖσα,
602 842 680 910 καθ’
707 845 750 930 ἣν
773 845 908 930 ἀζύμοις
930 844 1122 932 τρέφονται·

45 980 48 986 ·
104 948 159 1017 καὶ
186 946 264 1015 καθ’
292 947 433 1033 ἑκάστην
449 935 585 1036 Ιἡμέραν
612 960 729 1036 ταῦροι
757 952 957 1037 σφάττονται
982 953 1046 1020 δύο
1069 951 1123 1019 καί

104 1058 197 1143 κριὸς
219 1052 280 1141 μὲν
304 1047 366 1141 εἷς,
390 1054 469 1122 ἑπτά
493 1052 530 1122 δὲ
552 1059 659 1143 άρνες.
695 1054 750 1122 καί
772 1068 875 1124 ταῦτα
896 1054 959 1142 ’μὲν
983 1058 1123 1125 ὁλοκαυ-

104 1173 229 1246 τοῦται,
246 1160 512 1249 προστιθεμένου
526 1175 595 1240 τοῖς
612 1173 692 1229 πᾶσι
710 1161 766 1228 καὶ
785 1163 903 1249 ἐρίφου
916 1160 1002 1250 ὑπὲρ
1020 1164 1123 1252 ἁμαρ-

104 1268 227 1352 τάδων,
249 1271 296 1345 είς
314 1269 457 1354 εὐωχίαν
475 1265 552 1334 καθ’
575 1267 701 1354 ἡμέραν
725 1267 866 1354 ἑκάστην
889 1282 959 1347 τοῖς
983 1272 1121 1357 ἱερεῦσι·
1136 1291 1157 1330 1⁰

105 1375 215 1460 <250>
234 1385 272 1461 τῇ
293 1371 329 1441 δέ
349 1373 487 1463 δευτέρα
504 1387 571 1441 τῶν
589 1374 721 1460 ἀζύμων
744 1374 851 1463 ἡμέρᾳ
873 1375 963 1460 (ἕκτη
981 1373 1011 1442 δ’
1031 1377 1123 1444 ἐστίν

105 1481 187 1566 αὕτη
210 1480 265 1548 καί
289 1479 423 1568 δεκάτη)
450 1493 517 1547 τῶν
544 1493 680 1567 καρπῶν
708 1482 766 1558 οὓς
793 1481 950 1567 ἐθέρισαν
978 1483 1036 1568 (οὐ
1060 1486 1123 1571 γάρ

104 1589 232 1672 ἥψαντο
246 1591 409 1674 πρότερον
423 1586 547 1673 αὐτῶν)
566 1588 866 1672 μεταλαμβάνουσι,
885 1586 940 1654 καί
958 1591 1019 1655 τὸν
1037 1595 1123 1658 θεὸν

104 1694 284 1778 ἡγούμενοι
311 1703 410 1777 τιμᾶν
439 1696 568 1759 δίκαιον
596 1689 682 1759 εἶναι
709 1705 862 1778 πρῶτον,
893 1691 971 1780 παρ’
1000 1692 1042 1762 οὗ
1066 1708 1124 1784 τῆς

105 1801 261 1884 εὐπορίας
278 1801 406 1865 τούτων
425 1801 554 1885 ἔτυχον,
577 1801 634 1876 τὰς
652 1799 799 1886 ἀπαρχάς
817 1801 905 1889 αὐτῷ
924 1811 982 1886 τῆς
1000 1811 1124 1888 κριθῆς
1136 1821 1159 1862 ιι

105 1904 299 1991 ἐπιφέρουσι
321 1907 380 1971 τὸν
399 1909 523 1992 τρόπον
546 1916 674 1972 τοῦτον.
720 1907 829 1990 <251>
848 1906 1033 1992 φρύξαντες
1055 1923 1124 1978 τῶν

105 2013 255 2098 σταχύων
278 2014 315 2077 τὸ
340 2013 470 2096 δράγμα
493 2010 549 2078 καί
571 2016 760 2096 πτίσαντες,
788 2011 843 2078 καὶ
865 2016 1016 2100 καθαρὰς
1038 2020 1124 2102 πρὸς

105 2118 250 2204 άλεσμὸν
277 2121 334 2196 τὰς
360 2121 480 2205 κριθάς
509 2122 720 2204 ποιήσαντες,
748 2128 793 2205 τῷ
817 2123 918 2208 βωμῷ
942 2120 1123 2207 άσσάρωνα

103 2225 332 2313 προσφέρουσι
358 2235 404 2314 τῷ
432 2232 521 2315 θεῷ,
548 2224 604 2291 κάὶ
627 2229 706 2310 μίαν
737 2224 769 2304 ἐξ
794 2225 897 2291 αὐτοῦ
921 2227 1027 2312 δράκα
1051 2229 1123 2295 ἐπι-

104 2336 262 2415 βαλόντες
283 2342 329 2420 τβ
352 2335 453 2418 βωμῷ
477 2334 514 2398 τὸ
538 2335 655 2398 λοιπὸν
679 2332 817 2418 άφιᾶσιν
841 2334 888 2408 είς
909 2342 1028 2418 χρῆσιν
1051 2349 1123 2414 τοῖς
1136 2353 1160 2394 ιο

105 2439 243 2523 ίερεῦσι·
267 2435 322 2502 καί
340 2440 413 2502 τότε
433 2441 550 2504 λοιπὸν
574 2440 717 2524 δημοσίᾳ
741 2438 844 2516 ἔξεστι
867 2447 947 2503 πᾶσι
969 2437 1025 2505 καί
1050 2442 1122 2529 ίδίηι

102 2546 256 2626 θερίζειν.
301 2543 427 2608 θύουσι
460 2540 490 2607 δ’
523 2540 575 2607 ἐπὶ
602 2554 673 2617 ταῖς
700 2542 861 2629 άπαρχαῑς
888 2555 954 2610 τῶν
982 2559 1121 2631 καρπῶν

103 2645 222 2732 άρνίον
245 2649 292 2723 είς
315 2647 545 2731 ὁλοκάρπωσιν
567 2657 613 2736 τῷ
636 2653 716 2735 θεῷ.

68 2765 84 2814 6
170 2752 279 2836 <252>
304 2750 447 2836 ἑβδόμης
474 2750 505 2818 δ’
533 2751 716 2837 ἑβδομάδος
740 2755 1016 2840 διαγεγενημένης
1038 2761 1120 2841 μετά

101 2860 225 2943 ταύτην
248 2858 308 2942 τὴν
331 2863 457 2924 θυσίαν
481 2855 592 2946 (αὗται
611 2856 642 2924 δ’
664 2858 750 2926 είσὶν
773 2863 811 2926 αί
830 2873 896 2927 τῶν
920 2860 1118 2946 ἑβδομάδων
1133 2883 1160 2924 ει

100 2963 219 3050 ἡμέραι
250 2966 488 3050 τετταράκοντα
520 2964 575 3031 καί
605 2964 716 3051 ἐννέα)
749 2975 788 3052 τῇ
818 2977 1042 3054 πεντηκοστῇ,
1074 2969 1118 3054 ἣν

96 3068 244 3156 Ἑβραῖοι
267 3069 416 3156 Ἀσαρθά
445 3077 584 3138 καλοῦσι
613 3071 780 3159 (σημαίνει
809 3070 845 3139 δὲ
872 3085 970 3140 τοῦτο
999 3096 1118 3159 πεντη-

99 3175 249 3264 κοστόν),
267 3178 474 3262 προσάγουσι
492 3187 537 3266 τῷ
551 3184 621 3266 θεοῦ
641 3180 755 3264 άρτον,
774 3178 922 3265 άλφίτων
940 3177 1001 3264 μὲν
1020 3186 1117 3266 πυρί-

99 3306 170 3348 νων
192 3281 389 3369 άσσάρωνας
412 3285 472 3350 δύο
497 3285 578 3368 μετά
602 3284 702 3370 ζύμης
724 3289 930 3370 γεγονότων,
952 3288 1115 3371 θυμάτων

100 3386 132 3471 δ’
164 3389 267 3476 άρνας
295 3391 367 3457 δύο.
413 3391 522 3475 <253>
546 3401 648 3457 ταῦτα
675 3387 736 3474 μὲν
764 3392 826 3477 γάρ
850 3401 895 3481 τῷ
919 3400 989 3479 θεῷ
1013 3411 1114 3480 προσ-
1129 3413 1158 3453 ιο

155 3516 177 3578 5
193 3517 250 3569 249
265 3541 302 3562 =
312 3513 406 3574 Lavit.
426 3512 521 3573 XXIII
542 3520 566 3572 6.
