2460 3848
111 137 166 202 ‚50
486 138 760 190 mmmm

122 301 264 365 σπάνιον
278 298 298 383 ἦ
313 297 389 383 μηδ’
409 299 493 375 ὅλως
508 297 733 384 ἐπιχωριάζειν
748 297 987 382 ἐκτετιμημένα.
1026 300 1138 382 <244>

122 402 218 483 οὗτος
237 406 458 491 ἀπερχόμενος
472 408 593 494 χρόνφ,
616 407 672 470 διά
691 407 728 471 τὸ
744 400 833 470 εἶναι
856 406 1002 489 χαλεπην
1026 405 1140 471 ὁδεύε-

122 520 203 578 σθαι
217 514 278 596 την
287 513 560 593 Μεσοποταμίαν,
574 520 710 595 χειμῶνι
725 507 786 595 μέν
800 510 865 575 ὑπὸ
879 515 995 593 πηλῶν
1009 511 1140 594 βάθους

121 611 245 703 θέρους
267 613 301 682 δ’
327 613 383 681 ὑπ’
412 615 586 700 ἀνυδρίας,
610 618 657 680 ἐτι
681 613 718 681 δέ
741 614 796 681 καὶ
819 619 1006 703 λῃστηρίων
1030 618 1138 681 όντων

122 723 159 787 ἐν
182 723 277 808 αὐτῇ,
299 722 320 787 δ
340 723 532 807 διαφεύγειν
555 721 617 787 οὐκ
641 721 720 806 ἐνῆν
744 724 788 806 μη
811 731 994 806 προνοοῦσι
1017 722 1137 786 τούτου
1166 741 1180 781 ε

120 839 190 906 τοϊς
213 829 401 910 ὁδεύουσιν,
424 829 471 905 είς
492 831 591 893 πόλιν
610 826 794 913 ἀφικνεῖται
818 827 963 911 Χάρραν.
1007 825 1061 891 καί
1083 849 1136 907 γε-

121 937 261 1018 νόμενος
275 934 392 1012 ἐντοῖς
405 938 613 1018 προαστείοις
626 932 807 1019 παρθένοις
822 932 1012 1018 ἐντυγχάνει
1026 935 1136 997 πλείο-

121 1027 178 1106 σιν
195 1037 246 1125 έφ’
269 1040 361 1125 ὕδωρ
380 1042 602 1125 βαδιζούσαις.
649 1041 757 1123 <245>
777 1039 906 1124 εὔχεται
926 1036 987 1124 μέν
1005 1032 1067 1104 οὖν
1090 1047 1136 1126 τῷ

121 1153 190 1235 θεῷ
209 1143 392 1231 Ῥεβέκκαν,
414 1147 457 1230 ἣν
480 1155 524 1234 τῷ
548 1143 643 1211 παιδὶ
657 1143 824 1231 ’Ἅβραμος
848 1139 1138 1230 μνηστευσόμενον

122 1253 224 1318 αὐτὸν
247 1251 496 1336 έξαπέσταλκευ,
519 1254 550 1317 εί
567 1253 648 1317 κατά
667 1261 751 1318 νοῦν
773 1254 832 1318 τὸν
855 1252 960 1317 αὐτοῦ
983 1249 1094 1335 μέλλει
1119 1251 1179 1317 διο

121 1358 225 1440 γάμος
243 1354 340 1436 οὗτος
359 1364 602 1440 σνντελεῖσθαι,
622 1357 658 1423 ἐν
678 1357 818 1435 ἐκείναις
837 1358 1030 1443 εὑρεθῆναι,
1053 1381 1138 1440 γνω-

122 1468 284 1548 ρισθῆναί
304 1462 331 1529 τ’
359 1464 463 1548 αὐτην
482 1475 549 1529 τῶν
568 1461 629 1548 μέν
647 1465 758 1528 ἀλλων
782 1466 929 1529 αίτοῦντι
953 1466 1056 1529 ποτὸν
1080 1461 1138 1548 ἀρ-

88 1568 313 1654 ενονμένων,
341 1570 467 1656 ἐκείνης
490 1567 522 1635 δ’
550 1570 638 1658 αὐτῷ
661 1571 903 1655 παρασχούσης.
951 1570 1059 1652 (246)
1082 1566 1138 1633 καὶ

121 1674 138 1739 ὃ
162 1672 223 1760 μέν
246 1674 299 1741 ἐπὶ
317 1679 436 1761 ταύτης
455 1677 502 1741 ἐόν
516 1684 572 1760 τῆς
595 1676 745 1752 διανοίας
768 1672 820 1740 ἐπὶ
842 1677 880 1740 τὸ
903 1673 1009 1760 φρέαρ
1032 1697 1137 1760 παρα-

120 1785 266 1865 γίνεται,
302 1780 356 1847 καὶ
392 1787 576 1866 παρακαλεῖ
605 1783 661 1858 τάς
692 1779 882 1868 παρθένους
913 1784 1015 1847 ποτὸν
1045 1782 1134 1869 αὐτῷ
1151 1801 1177 1841 15

120 1897 309 1971 παρασχεῖν.
354 1896 421 1952 τῶν
440 1884 470 1950 δ’
489 1885 735 1972 ἐκτρεπομένων
757 1887 801 1964 ὡς
813 1889 1005 1972 χρηζονσῦν
1024 1889 1138 1952 οίκαδε

120 1994 265 2074 κομίζειν
302 1989 372 2056 ἀλλ’
408 1991 469 2057 οὐκ
502 1991 617 2082 έκείνφ
649 2002 829 2078 παρασχεῖν
862 1991 931 2078 (καὶ
962 1994 1025 2078 γάρ
1058 1993 1134 2059 οὐδ’

120 2099 284 2183 εύληπτον
315 2093 401 2164 εἶναι
428 2102 466 2165 τὸ
488 2099 611 2185 ὕδωρ),
643 2103 701 2184 μία
724 2098 757 2178 ἐξ
781 2099 917 2165 ἀπασῶν
939 2098 1079 2176 ἐκείναις
1102 2123 1137 2164 τε

120 2212 178 2287 τῆς
201 2208 282 2290 πρὸς
304 2209 363 2271 τὸν
382 2205 478 2284 ξένον
503 2206 688 2291 ἐπιπλήττει
707 2209 895 2289 δυσκολίας,
921 2210 1010 2281 τίνος
1032 2207 1156 2271 ἀλλον·

119 2315 337 2395 κοινωνήσειν
355 2315 437 2398 πρὸς
451 2312 651 2398 ἀνθρώπους
669 2313 769 2389 αὐτάς
787 2334 876 2396 ποτε,
901 2315 932 2378 εί
949 2309 1027 2396 μηδ’
1055 2312 1137 2376 ύδα-
1152 2331 1179 2369 20

120 2438 175 2490 τος
193 2414 386 2499 μετέδοσαν,
410 2416 563 2500 λέγουσα,
586 2416 640 2481 καὶ
654 2416 787 2502 παρέχει
805 2418 893 2505 αὐτῷ
912 2420 1136 2503 φιλοφρόνως.

121 2520 229 2602 <247>
254 2519 272 2584 δ
297 2518 327 2584 δ’
355 2521 391 2585 έν
415 2521 524 2607 ἑλπίδι
548 2519 609 2605 μὲν
633 2533 699 2587 τῶν
722 2522 810 2588 ὅλων
833 2528 1026 2609 γενόμενος,
1056 2526 1135 2607 βον-

120 2628 259 2708 λόμενος
282 2621 320 2689 δέ
342 2625 403 2708 τὴν
427 2625 589 2710 ἀληθειαν
612 2634 745 2712 μαθεῖν,
769 2620 892 2716 ἐπῄνει
909 2654 942 2695 τε
965 2639 1022 2713 τῆς
1045 2630 1136 2712 εύγε-
1162 2665 1171 2680 ·

119 2734 209 2806 νείας
232 2728 336 2811 αὐτὴν
359 2725 489 2813 καὶτῆς
513 2736 743 2818 χρηστότητος,
767 2735 816 2801 ὅτι
839 2734 894 2800 καὶ
914 2733 982 2819 μετ’
1011 2737 1135 2800 οἰκείου

120 2841 227 2904 πόνου
251 2846 321 2913 τοῖς
344 2833 513 2919 δεομένοις
543 2838 697 2924 ἐπαρκεῖν
720 2842 781 2906 οὐκ
805 2820 960 2926 ἐφέυγεν,
988 2829 1134 2900 έπυνθά-
1151 2859 1177 2898 25

119 2949 195 3011 νετό
209 2967 243 3010 τε
258 2947 359 3010 τίνων
378 2948 428 3026 είη
447 2942 587 3028 γονέων,
610 2943 664 3010 καὶ
678 2948 867 3031 κατεύχεται
886 2945 998 3017 αὐτοῖς
1016 2943 1133 3024 ὄνησιν

120 3054 273 3136 τοιαύτης
296 3052 424 3127 παιδός·
452 3052 510 3114 καί
531 3050 788 3135 “νυμφεύσειαν’
811 3052 915 3136 φησίν
939 3047 1000 3124 (ὡς
1022 3048 1134 3127 αὐτοῖς

120 3155 188 3220 ἐστὶ
211 3153 468 3241 κεχαρισμένον,
495 3156 542 3230 είς
570 3151 663 3221 οίκον
692 3154 814 3241 ἀνδρὸς
836 3154 987 3238 ἀγαθοῦ,
1015 3158 1134 3233 παῖδας

119 3262 207 3347 αὐτῷ
231 3253 409 3345 τεξομένην
433 3261 612 3347 γνησίους.’
660 3263 769 3345 <248>
792 3262 813 3344 ἣ
837 3258 874 3326 δέ
904 3257 984 3326 ούδέ
1006 3265 1133 3328 τούτων

120 3367 308 3451 ἐφθόνησεν
330 3367 418 3455 αὐτῷ
438 3367 630 3458 βουλομένω
650 3375 783 3453 μαθεῖν,
807 3368 890 3434 ἀλλά
909 3367 963 3433 καλ
982 3372 1018 3435 τὸ
1036 3368 1133 3453 γένος
1147 3387 1174 3425 30

191 3487 408 3553 §244=Gen.
428 3489 519 3543 XXIV
539 3497 580 3549 10.
