2460 3848
118 130 184 197 180
486 130 759 185 ffmvomz

116 297 210 372 θεός·
234 293 344 378 <217>
359 294 502 376 τοσαύτη
517 294 581 378 γάρ
595 291 825 378 ἀπήστραπτεν
843 288 900 356 ἀπ’
919 292 1039 358 αὐτῶν
1058 293 1148 376 αὐγή

117 403 214 486 μήπω
237 408 294 485 τῆς
317 409 470 485 στρατιᾶς
492 397 725 484 κεκινημένης,
755 400 867 488 das-193
890 401 1020 483 πλήθει
1044 398 1149 465 παντὶ

117 506 289 591 γνώριμον
311 501 398 571 εἶναι
420 507 458 571 τὸ
480 518 635 591 παρεῖναι
662 509 722 572 τὸν
743 507 828 572 θεὸν
850 507 897 584 είς
919 507 982 589 τήν
1007 504 1146 573 έπιιιον-

118 617 204 697 ρίαν.
242 611 325 676 ὅθεν
338 608 498 695 Ἕλληνες
525 612 561 677 οί
587 613 627 677 τά
649 610 790 697 ἡμέτερα
812 622 969 696 τιμῶντες
993 613 1063 696 ἔθη
1089 612 1146 677 διὰ

117 720 155 783 τὸ
188 711 294 801 μηδὲν
326 714 511 801 ἀντιλέγειν
544 719 713 783 δύνασθαι
743 718 890 801 τούτοις,
920 719 981 783 τὸν
1016 717 1167 802 ἐσσήναι

119 824 235 904 λόγιον
263 826 435 888 καλοῦσιν.
481 824 590 907 <218>
615 822 779 890 ἐπαύσατο
807 819 869 908 μὲν
898 817 961 888 οὖν
985 823 1005 888 ὅ
1030 847 1067 888 τε
1092 822 1145 889 έσ-

120 929 183 1011 σήν
202 924 257 993 καί
277 927 295 994 ό
315 928 481 1013 σαρδόνυξ
500 939 560 995 τοῦ
579 931 719 1014 λάμπειν
743 933 829 996 ἔτεσι
853 931 1040 1004 διακοσίοις
1062 931 1144 1014 πρό-

119 1056 217 1118 τερον
231 1033 384 1120 ήταύτην
399 1031 455 1119 ἐμὲ
470 1042 647 1101 συνθεῖναι
659 1036 721 1120 τήν
730 1037 876 1121 γραφήν,
885 1043 945 1100 τοῦ
959 1040 1048 1101 θεοῦ
1064 1037 1143 1101 δυσ-

120 1138 319 1224 χεράναντος
332 1138 385 1206 ἐπὶ
399 1149 438 1225 τῇ
453 1141 637 1227 παραβάσει
651 1153 718 1207 τῶν
736 1145 864 1227 νόμων·
883 1139 959 1226 περὶ
977 1134 1027 1206 ὧν
1047 1141 1144 1227 ε’ροῦ-

121 1268 182 1328 μεν
201 1245 447 1331 εὐκαιρότερον·
466 1245 627 1333 τρέψομαι
643 1244 680 1313 δέ
699 1257 763 1314 νῦν
782 1246 836 1313 ἐπὶ
851 1251 910 1314 τὸν
934 1245 1008 1331 ἑξῆς
1028 1251 1142 1331 λόγον.
1156 1266 1177 1305 1⁰

69 1371 101 1420 10
188 1351 298 1436 (219)
321 1351 570 1438 καθιερωμένης
592 1355 656 1439 γάρ
678 1355 743 1439 ήδη
766 1364 823 1438 της
846 1362 968 1438 σκηνής
990 1352 1049 1419 καὶ
1073 1356 1145 1419 δια-

120 1456 376 1542 κεκοσμημένων
408 1471 475 1524 τῶν
507 1458 583 1545 περὶ
615 1462 693 1537 τοὺς
725 1459 847 1545 ίερέας,
878 1463 916 1526 τό
943 1482 979 1524 τε
1009 1465 1146 1543 πλῆθος

122 1563 310 1648 ὁμόσκηνον
333 1553 438 1653 ἑαυτῷ
457 1567 619 1631 τὸνθεόν
637 1567 768 1650 ἔκρινεν
791 1561 889 1649 εἶναι,
910 1562 967 1630 καὶ
989 1564 1145 1650 τρέπεται

121 1671 203 1754 πρὸς
216 1674 338 1746 θυσίας
351 1694 385 1736 τε
399 1669 455 1736 καὶ
474 1668 603 1747 ἀνέσεις
621 1670 666 1747 ὡς
683 1671 814 1736 ἀπασαν
832 1672 897 1755 ήδη
916 1681 1021 1736 κακοῦ
1040 1691 1146 1757 προσ-

123 1776 241 1841 δοκίαν
259 1774 486 1861 ἀπεωσμένον,
509 1774 657 1861 καὶπερὶ
679 1788 746 1842 τῶν
770 1779 959 1861 μελλόντων
982 1777 1026 1855 ὡς
1051 1777 1146 1863 ἀμει-
1160 1796 1181 1836 1⁵

122 1883 233 1947 νόνων
252 1881 491 1966 εὐθυμοῦντες·
516 1882 642 1966 δωρεάς
658 1905 693 1947 τε
715 1891 761 1969 τῷ
779 1888 863 1970 θεῷ,
884 1883 943 1959 τάς
960 1878 1022 1967 μὲν
1045 1895 1145 1971 κοινή

123 1987 181 2062 τάς
204 1981 241 2051 δέ
259 1985 322 2052 καί
337 1984 406 2053 κατ’
431 1989 533 2072 ίδίαν,
556 1987 754 2054 ἀνετίθεσαν
772 1989 854 2054 κατά
876 1989 992 2074 φυλάς.
1030 1991 1146 2074 <220>

124 2093 159 2158 οἵ
179 2115 213 2157 τε
236 2095 300 2180 γάρ
319 2095 484 2183 φύλαρχοι
503 2095 584 2161 κατά
604 2094 665 2160 δύο
690 2098 912 2172 συνελθόντες
935 2093 1065 2179 ἅμαξαν
1089 2096 1147 2162 καὶ

126 2200 187 2265 δύο
211 2203 293 2285 βοῦς
314 2205 595 2287 προσκομίζουσιν
620 2199 666 2288 (ἓξ
685 2197 747 2285 μὲν
766 2196 828 2266 οὖν
846 2196 932 2285 ἦσαν
951 2196 1063 2288 αὗται)
1089 2202 1147 2269 καὶ

123 2307 185 2389 τήν
218 2309 344 2391 σκηνήν
376 2307 413 2373 έν
444 2320 516 2385 ταῖς
549 2309 755 2393 ὁδοιπορίαις
786 2309 1014 2394 παρεκόμιζον.
1059 2311 1147 2394 πρὸς
1160 2328 1185 2367 ιο

124 2413 254 2488 τούτοις
286 2411 421 2489 ἕκαστος
448 2413 572 2497 φιάλην
599 2436 633 2478 τε
660 2416 785 2496 κομίζει
812 2411 867 2478 καὶ
895 2414 1055 2500 τρύβλιον
1088 2413 1147 2479 καὶ

124 2505 283 2600 θυΐσκην,
301 2520 362 2601 τήν
381 2513 442 2602 μὲν
461 2520 635 2605 δαρεικούς
653 2515 732 2582 δέκα
751 2516 942 2603 δυναμένην
960 2516 1015 2583 καί
1032 2523 1145 2606 πλήρη

124 2621 355 2704 θυμιαμάτων.
392 2623 502 2708 <221>
519 2625 556 2689 τὸ
581 2619 619 2687 δὲ
640 2623 800 2707 τρύβλιον
823 2623 878 2691 καὶ
899 2625 921 2709 ἡ
944 2625 1046 2710 φιάλη
1071 2623 1147 2712 (ἀρ-

125 2733 212 2810 γυρᾶ
231 2722 261 2790 δ’
281 2721 336 2813 ἦν)
361 2731 496 2804 σίκλους
514 2725 575 2813 μὲν
595 2730 636 2812 δή
660 2728 697 2793 αί
718 2729 780 2794 δύο
804 2732 995 2808 διακοσίους
1016 2723 1146 2818 εἷλκον,

125 2834 173 2910 είς
201 2828 238 2898 δὲ
265 2834 326 2918 τήν
358 2834 483 2919 φιάλην
516 2833 743 2920 ἑβδομήκοντα
772 2839 870 2920 μόνοι
901 2837 1187 2923 δεδαπάνηντο,εε

126 2943 262 3026 πλήρεις
285 2938 317 3004 δ’
340 2936 426 3024 ἦσαν
445 2940 596 3027 ἀλεύρων
616 2941 714 3030 έλαίφ
737 2940 992 3028 πεφυραμένων,
1016 2933 1067 3019 οἷς
1090 2943 1148 3011 ἐπὶ

126 3055 172 3133 τῷ
192 3051 293 3135 βωμῷ
312 3057 456 3133 χρῶνται
473 3049 556 3132 πρὸς
573 3049 631 3124 τάς
650 3048 845 3134 ἱερουργίας.
882 3052 1007 3134 μόσχον
1030 3072 1064 3113 τε
1088 3049 1148 3116 καὶ

126 3154 222 3236 κριὸν
256 3156 319 3218 σὺν
347 3152 425 3239 ἀρνί
452 3165 519 3219 τῶν
550 3153 689 3238 έτησίων
721 3154 862 3240 δλομελή
894 3158 1147 3241 καυθησόμενα,

127 3255 183 3322 καὶ
206 3261 270 3323 σύν
293 3258 406 3338 αύτοίς
435 3264 577 3346 χίμαρον
601 3257 655 3325 ἐπὶ
676 3264 870 3346 παραιτήσει
892 3260 1146 3347 ἁμαρτημάτων.

128 3362 238 3446 <222>
261 3375 407 3451 προσῆγε
436 3361 474 3431 δὲ
501 3377 567 3431 τῶν
595 3365 766 3453 ἀρχόντων
794 3367 928 3446 ἕκαστος
953 3365 1008 3432 καὶ
1032 3364 1147 3454 ἑτέρας
1160 3388 1187 3428 ιο

192 3491 212 3553 β
228 3490 284 3543 219
298 3486 429 3545 -Num
449 3486 502 3544 VII
524 3492 546 3543 1.
