2460 3848
139 121 205 186 226
508 125 782 178 ΔΡΧεῙοΔοΓῙΑΣ

89 271 120 348 ’6
205 284 315 369 <126>
341 285 492 362 Βάλακος
518 281 549 349 δ’
577 284 806 369 ἀγανακτήσας
832 282 885 350 έπλ
912 293 957 371 τῷ
988 286 1035 369 μή
1060 309 1166 352 κατα·

138 389 258 476 ράτους
271 389 429 474 γενέσθαι
447 392 526 467 τοὺς
539 386 753 477 Ἰσραηλίτας,
771 389 954 476 ἀποπέμπει
972 392 1032 456 τὸν
1046 391 1165 459 Βάλα-

138 521 202 580 μον
234 498 395 581 μηδεμιᾶς
425 504 520 580 τιμής
552 495 701 575 ἀξιώσας.
748 494 820 565 ὅδ’
848 496 955 563 ἀπιὼν
981 498 1048 581 ήδη
1076 497 1165 565 κάπὶ

137 613 182 692 τῷ
205 612 366 688 περαιοῦν
395 604 453 668 τὸν
476 602 660 689 Εύφράτην
683 607 880 689 γενόμενος,
906 606 965 669 τόν
988 626 1022 668 τε
1046 604 1164 670 Βάλα-

137 734 198 775 κον
221 707 513 793 μεταπεμψάμενος
535 707 591 774 καὶ
613 713 691 788 τοὺς
713 712 875 797 άρχοντας
896 720 963 775 τῶν
985 711 1190 776 Μαδιανιε

137 825 222 896 τῶν,
253 813 364 899 <127>
391 813 552 881 ’Βάλακέ
580 832 663 900 φησι
691 813 762 881 ’καὶ
789 827 856 882 τῶν
878 818 1103 882 Μαδιανιτῶν
1128 817 1166 884 ολ

136 923 297 1006 παρόντες
329 917 404 1007 (χρή
433 921 497 1008 γάρ
525 945 565 1007 με
591 919 648 987 καὶ
674 923 763 1008 παρὰ
790 906 953 1007 βούλησιν
980 931 1041 988 τοῦ
1070 928 1162 989 θεοῦ

136 1030 338 1113 χαρίσασθαι
355 1024 463 1114 ὑμῖν),
484 1030 523 1093 τὸ
545 1024 607 1113 μέν
625 1024 790 1114 Ἑβραίων
813 1026 910 1110 γένος
933 1027 995 1094 οὐκ
1016 1026 1061 1093 άν
1084 1030 1162 1094 ὄλε-

135 1139 220 1218 θρος
251 1135 413 1218 παντελής
443 1133 644 1218 καταλάβοι,
676 1130 746 1200 οὔτ’
778 1132 816 1200 έν
847 1132 980 1222 πολέμςο
1013 1131 1084 1200 οὔτ’
1121 1133 1161 1202 έν

136 1242 241 1326 λοιμςό
260 1236 316 1304 καὶ
334 1239 451 1304 σπάνει
469 1249 538 1305 τῶν
560 1238 624 1306 ἀπὸ
647 1248 708 1324 γῆς
728 1250 878 1325 καρπῶν,
901 1236 971 1305 οὔτ’
998 1241 1083 1324 άλλη
1109 1266 1162 1320 τις
1176 1260 1201 1300 10

136 1346 223 1409 αίτία
236 1346 423 1432 παράλογος
442 1347 659 1433 διαφθείρειε.
691 1345 802 1432 <128>
819 1349 962 1432 πρόνοια
980 1346 1044 1432 γάρ
1064 1346 1161 1414 έστιν

106 1463 110 1467 ’
136 1451 246 1517 αὐτῶν
272 1460 318 1539 τῷ
344 1459 416 1540 θεῷ
447 1453 563 1531 σώζειν
591 1451 655 1518 ἀπὸ
682 1455 806 1531 παντὸς
832 1462 937 1518 κακοῦ
964 1450 1019 1518 καὶ
1048 1451 1160 1538 μηδὲν

136 1555 185 1623 ἐπ’
213 1557 334 1635 αὐτοὺς
361 1557 454 1625 έᾶσαι
481 1568 635 1626 τοιοῦτον
661 1559 771 1636 πάθος
800 1557 915 1626 ἐλθεῖν
938 1557 996 1644 ὑφ’
1024 1555 1067 1626 οὗ
1091 1560 1160 1628 κάν

85 1748 98 1759 ,Ι
135 1664 312 1732 ἀπόλοιντο
330 1665 462 1743 πάντες·
486 1663 648 1750 συμπέσοι
667 1662 698 1732 δ’
721 1664 763 1731 ἀν
786 1664 899 1743 αὐτοῖς
921 1666 1017 1748 ὀλίγα
1040 1689 1076 1731 τε
1099 1666 1161 1734 καλ

134 1773 216 1855 πρὸς
239 1770 365 1855 ὀλίγον,
388 1767 448 1856 ὑφ’
476 1765 524 1836 ὧν
546 1777 786 1839 ταπεινούσθαι
810 1774 988 1850 δοκοῦντες
1010 1767 1070 1838 εἶτ’
1097 1772 1201 1841 dcv-1⁶

133 1879 301 1959 θήσουσιν
323 1874 377 1942 ἐπὶ
395 1879 490 1968 φύβρο
509 1888 576 1944 τῶν
599 1876 836 1963 ἐπαγαγόντων
858 1879 971 1956 αὐτοῖς
992 1880 1052 1956 τάς
1075 1883 1160 1964 βλά-

134 1985 203 2065 βας.
248 1980 359 2067 <129>
380 1981 475 2067 ὑμεῖς
498 1980 529 2048 δ’
557 1985 589 2048 εί
608 1986 706 2068 νίκην
729 1986 803 2052 τινὰ
825 1987 908 2072 πρὸς
930 1988 1060 2071 βραχὺν
1083 2011 1159 2052 και-

134 2090 195 2173 ρὸν
224 2085 294 2153 κατ’
322 2088 432 2156 αὐτῶν
459 2090 619 2177 κερδᾶναι
648 2097 802 2175 ποθεῖτε,
834 2087 958 2178 τύχοιτ’
986 2089 1028 2156 ἀν
1052 2091 1160 2178 αὐτῆς

133 2203 236 2260 ταῦτα
253 2198 457 2281 ποιήσαντες.
501 2207 570 2263 τῶν
587 2195 784 2285 θυγατέρων
803 2198 860 2276 τάς
882 2193 1012 2282 μάλιστ’
1035 2197 1159 2284 εὐπρε-

132 2312 204 2378 πεῖς
239 2299 294 2368 καλ
325 2302 508 2387 βιάσασθαι
540 2301 596 2369 καλ
627 2312 760 2388 νικῆσαι
791 2305 853 2388 τήν
888 2314 956 2369 τῶν
992 2303 1157 2390 ὁρώντων
1171 2321 1198 2362 2⁰

133 2410 356 2494 σωφροσύνην
386 2409 501 2486 ίκανάς
529 2411 585 2475 διά
616 2412 654 2475 τὸ
681 2411 820 2494 κάλλος,
856 2410 1059 2494 ἀσκήσαντες
1091 2412 1157 2495 τήν

131 2513 317 2598 εὐμορφίαν
344 2511 455 2580 αὐτῶν
482 2512 536 2579 ἐπὶ
567 2517 605 2580 τὸ
633 2520 761 2599 μᾶλλον
791 2515 971 2601 εὐπρεπές,
1002 2512 1156 2599 πέμψατε

131 2619 273 2700 πλησίον
301 2615 459 2701 ἐσομένας
486 2629 547 2686 τοῦ
569 2618 707 2686 ἐκείνων
730 2619 971 2706 στρατοπέδου,
999 2618 1054 2687 καὶ
1078 2623 1155 2688 δεο-

132 2720 244 2807 μένοις
263 2733 414 2788 σννεῑναι
432 2734 502 2801 τοῖς
515 2727 663 2801 νεανίαις
677 2724 787 2790 αὐτῶν
800 2726 1012 2811 προστάξατε.
1039 2727 1155 2813 <13Ο>

131 2828 267 2895 έπειδδν
282 2825 320 2895 δὲ
333 2828 593 2916 κεχειρωμένους
616 2830 720 2916 ὁρῶσι
737 2844 809 2909 ταῖς
827 2831 1030 2918 ἐπιθυμίαις,
1052 2858 1154 2900 κατα·
1168 2853 1196 2894 2⁵

131 2935 334 3021 λιπέτωσαν,
369 2934 425 3002 καὶ
456 2938 738 3023 παρακαλούντων
771 2937 884 3023 μένειν
912 2940 956 3025 μή
986 2943 1154 3026 πρότερον

132 3042 410 3128 έπινευσάτωσαν,
435 3040 516 3130 πρὶν
536 3021 587 3110 δύ
595 3047 755 3112 πείσωσιν
773 3045 894 3122 αὐτοὺς
912 3044 1054 3131 ἀφέντας
1071 3049 1153 3125 τοὺς

130 3155 289 3237 πατρίους
315 3152 441 3235 νόμους
468 3147 606 3217 καὶτὸν
632 3153 771 3229 τούτους
798 3151 911 3228 αὐτοῖς
932 3150 1077 3237 θέμενον
1102 3177 1152 3217 τι-

129 3264 196 3339 μᾶν
223 3259 307 3322 θεὸν
334 3259 412 3333 τούς
434 3258 656 3323 Μαδιανιτῶν
682 3256 739 3322 καὶ
761 3260 953 3341 Μωαβιτῶν
978 3256 1149 3341 σέβωσιν.’

130 3360 216 3427 οὕτω
239 3362 302 3448 γάρ
326 3362 438 3441 αὐτοῖς
459 3365 518 3429 τὸν
540 3365 624 3429 θεὸν
647 3363 920 3450 ὀργισθήσεσθαι.
1161 3385 1191 3426 ao

188 3489 283 3551 §126
299 3512 334 3533 =
347 3483 433 3543 Num.
452 3483 546 3542 XXIV
567 3491 609 3541 11.

617 3776 710 3792 *
