2460 3848
490 177 704 234 PRAEFATIO.
1081 180 1107 234 V

91 346 200 426 potest
227 341 311 427 fieri,
342 345 380 406 ut
407 341 442 405 in
464 341 585 426 pusilla
611 363 646 405 re
679 341 837 425 quaedam
869 363 920 406 me
952 341 1106 427 fugerint

93 448 143 513 ld
174 447 331 512 maiorem
363 447 566 533 diligentiam
602 468 654 511 ma
686 445 876 512 Dindorfius
908 447 1108 533 provocavit,

92 554 147 639 qui
183 554 219 618 in
256 551 472 618 Fleckeisenii
507 551 690 616 Annalibus
728 551 790 617 vol.
823 553 866 617 99
898 576 928 636 p.
957 553 1020 618 821
1037 574 1107 638 sqq.

92 660 235 745 suscepit
257 652 411 744 probare,
432 657 616 742 losephum,
640 658 848 742 quantumvis
872 663 958 724 essct
981 659 1106 723 alienus

92 767 133 830 ab
156 765 269 831 Attica
293 763 471 850 elegantia,
500 767 610 829 tamen
638 764 718 830 satis
743 769 892 830 accurate
920 765 1043 830 cavisse
1065 787 1107 828 ne

90 876 240 956 peccaret
276 872 311 935 in
346 869 515 935 nominum
555 874 589 934 et
628 870 802 936 verborum
837 870 959 936 formas
995 871 1107 955 itaque

93 979 207 1042 ducem
241 980 370 1042 secutus
403 997 489 1061 sum,
520 974 634 1041 Niesio
666 976 754 1040 ultra
785 999 883 1062 quam
915 976 1023 1041 decuit
1054 998 1108 1040 ne·

95 1083 246 1168 glectum.

161 1187 253 1264 Quod
275 1188 311 1253 in
332 1188 559 1253 Relationibus
582 1188 816 1253 Teubnerianis
840 1187 1036 1274 significavi,
1058 1187 1108 1252 vir

94 1295 301 1360 doctissimus
324 1293 362 1359 Α.
381 1294 419 1359 Ε.
438 1294 463 1359 Ι.
481 1293 658 1359 Holwerda
686 1294 767 1358 mihi
793 1293 992 1358 concredidit
1020 1293 1108 1357 inex-

91 1401 243 1466 haustam
280 1423 395 1488 gazam
427 1400 694 1465 observationum
729 1399 765 1462 in
796 1398 991 1485 Iosephum,
1028 1422 1107 1483 quas

91 1513 185 1592 pater
214 1508 407 1591 reliquerat,
436 1506 492 1590 qui
523 1527 628 1590 nuper
656 1505 719 1569 hoc
749 1508 799 1568 est
827 1509 902 1569 ante
932 1505 1108 1570 triennium

93 1618 208 1677 exacta
245 1616 351 1676 aetate
389 1633 486 1675 senex
523 1609 752 1694 octogenarius
789 1609 880 1673 obiit.
934 1609 998 1674 Hic
1035 1615 1108 1675 ante

95 1716 333 1800 quinquaginta
356 1737 458 1780 annos
481 1714 560 1780 fecit
583 1714 759 1779 adnotandi
780 1713 921 1798 initium,
944 1735 1008 1798 quo
1031 1720 1110 1780 tem·

94 1843 173 1907 pore
205 1822 350 1887 nondum
376 1820 543 1905 prodierat
570 1819 719 1885 Parisina
745 1819 908 1884 Dindorfii
935 1820 1035 1884 editio
1062 1822 1109 1885 in-

96 1929 198 2012 deque
227 1929 352 1994 factum
381 1931 432 1992 661
462 1928 549 2011 quod
577 1948 708 1992 necesse
734 1926 822 1991 'fuitz
850 1948 950 2010 quum
973 1931 1109 2012 uterque

96 2039 260 2098 excuteret
294 2034 591 2118 Havercampianas
624 2033 734 2118 copias
769 2033 833 2117 ipsi
871 2032 1109 2118 Havercampio

95 2160 163 2203 non
186 2143 370 2224 usurpatas,
392 2139 511 2202 millies
533 2142 670 2223 uterque
693 2137 808 2203 incidit
831 2138 867 2201 in
890 2139 1018 2202 easdem
1042 2160 1109 2203 cor-

95 2244 272 2329 rectiones,
295 2265 377 2328 quac
399 2265 485 2309 nunc
507 2248 659 2328 prostant
680 2243 716 2307 in
737 2244 899 2309 Dindorfii
922 2244 1110 2308 recensione

97 2354 194 2435 atque
230 2350 306 2414 hinc
343 2349 506 2414 fluxerunt
547 2350 583 2414 in
623 2350 800 2415 editionem
838 2350 989 2414 Bekkeri.
1045 2347 1108 2414 Sed

96 2455 271 2523 eliminatis
307 2455 349 2520 iis
387 2477 525 2540 quorum
562 2457 645 2520 alter
683 2456 914 2522 antevertendo
951 2456 1109 2519 honorem

94 2561 309 2647 praecerpsit,
334 2562 422 2626 haud
448 2585 554 2646 pauca
582 2566 757 2647 supersunt
784 2561 913 2647 egregie
938 2560 1110 2625 observata

96 2672 129 2732 et
153 2672 312 2753 correcta,
340 2688 422 2751 quae
449 2690 535 2732 nunc
562 2668 707 2752 primum
734 2666 769 2731 in
794 2667 901 2735 lucem
923 2667 1110 2751 prodibunt,

96 2796 197 2858 quum
229 2778 378 2857 tempora
410 2774 489 2838 olim
519 2773 567 2838 rei
599 2774 728 2838 laudem
756 2772 908 2857 scriptori
939 2792 1006 2835 non
1036 2793 1110 2836 con-

97 2878 261 2944 cesserint.
307 2877 430 2954 Quodsi
449 2880 522 2964 quis
542 2884 651 2944 autem
673 2879 709 2943 in
730 2879 793 2943 hoc
815 2878 922 2962 primo
946 2877 1109 2942 volumine

96 2983 288 3049 Holwerdae
320 2985 443 3049 inedita
475 2986 718 3071 exspectatione
749 2984 904 3070 pauciora
941 2981 1110 3067 invenerit,

97 3088 181 3153 scito
207 3090 426 3155 venerabilem
447 3113 557 3156 senam
575 3113 660 3156 anno
688 3092 770 3157 1847
796 3089 934 3154 edidisse
951 3087 1110 3151 Emenda-

97 3194 224 3259 tionum
246 3195 475 3261 Flavianarum
504 3197 683 3282 specimen,
713 3196 836 3280 inquo
870 3216 969 3277 quum
1000 3215 1110 3278 proce-

96 3299 193 3364 dente
217 3323 313 3383 opere
338 3323 464 3385 semper
486 3302 642 3386 pauciora
669 3323 709 3366 ex
739 3299 981 3364 commentariis
1005 3319 1111 3363 excer-

96 3404 218 3491 pserit,
240 3427 307 3469 non
334 3405 517 3470 mirandum
551 3410 601 3471 est
627 3407 663 3469 in
692 3405 798 3488 operis
825 3403 964 3468 introitu
994 3404 1111 3469 inedito
1159 3446 1160 3449 κ

96 3531 259 3574 rarescere
283 3513 316 3574 61
339 3510 502 3588 editorum
524 3532 660 3576 numero
685 3509 849 3596 superari.
