2460 3848
120 124 165 190 24
492 127 766 184 ΑΡΧΑΙΟΛΟΓΙΑΣ

87 287 233 370 2<113>
260 286 352 373 ἐξῆρε
381 283 412 352 δ’
444 287 564 365 αὐτοὺς
591 292 673 374 πρός
702 285 738 353 θ’
765 287 865 372 ὕβριν
892 296 953 353 τοῦ
975 292 1059 351 θεοῦ
1083 283 1139 351 καὶ

120 397 371 480 καταφρόνησιν
399 395 599 478 Νεβριόδης,
626 395 748 472 υίωνὸς
776 390 837 478 μὲν
867 393 915 458 ὢν
939 392 1054 476 Χάμου
1078 402 1141 459 τοῦ

122 497 255 584 Νωέου,
273 501 436 585 τολμηρὸς
450 495 487 564 δὲ
501 498 556 565 καλ
570 501 652 565 κατά
666 513 758 586 χεῖρα
773 511 936 584 γενναῖος,
955 498 991 576 δς
1004 501 1141 593 ἔπειθεν

123 605 245 681 αὐτοὺς
263 606 306 689 μή
326 614 371 691 τῷ
389 611 459 693 θεῷ
480 607 611 671 διδόναι
634 608 671 672 τὸ
696 603 739 672 δι’
763 605 891 678 ἐκεῖνον
915 605 1140 690 εὐδαιμονεῖν,

124 709 207 775 ἀλλά
221 712 282 794 τήν
302 712 392 776 ἰδίαν
412 710 532 797 ἀρετήν
551 722 652 778 ταῦτα
669 711 825 799 παρέχειν
844 712 956 788 αὐτοῖς
977 711 1138 795 ἡγεῖσθαι.
1147 726 1167 767 .⁵

124 815 234 900 <114>
262 813 314 880 καὶ
344 820 493 902 περιίστη
523 814 560 882 δὲ
589 815 658 883 κατ’
686 818 801 900 ὀλίγον
824 820 872 896 είς
894 819 1076 904 τυραννίδα
1099 819 1139 882 τά

68 934 72 941 “
124 921 314 1007 πράγματα,
342 925 451 1004 μόνως
482 922 568 988 οὕτω
591 925 735 1007 νομίζων
759 922 959 1007 ἀποστήσειν
981 926 1058 1001 τοὺς
1081 922 1139 988 ἀν-

124 1029 283 1112 θρώπους
306 1037 365 1093 τοῦ
388 1031 497 1112 φόβου
520 1038 580 1094 τοῦ
603 1030 692 1114 παρὰ
714 1039 774 1094 τοῦ
797 1034 900 1112 θεοῦ,
923 1031 955 1094 εί
975 1032 1139 1115 χρώμενοι

123 1143 163 1220 τῇ
183 1133 286 1199 αὐτοῦ
306 1133 446 1217 δυνάμει
465 1135 656 1200 διατελοῖεν.
694 1133 899 1218 ἀμυνεῖσθαί
918 1157 952 1200 τε
975 1137 1033 1200 τὸν
1056 1137 1140 1202 θεὸν

124 1242 266 1325 ἠπείλει,
294 1241 394 1305 πάλιν
418 1242 479 1324 τήν
502 1250 565 1324 γῆν
589 1239 761 1306 ἐπικλύσαι
784 1243 986 1324 θελήσαντα·
1009 1242 1139 1327 πύργον
1154 1257 1182 1296 1⁰

124 1347 187 1429 γάρ
220 1347 469 1430 οἰκοδομήσειν
485 1347 692 1432 ὑψηλότερον
724 1336 751 1430 ήέ
777 1349 814 1412 τὸ
850 1347 942 1432 ὕδωρ
977 1346 1140 1431 ἀναβῆναι

124 1437 309 1536 δυνηθείη,
341 1454 595 1535 μετελεύσεσθαι
628 1449 665 1518 δε
697 1450 752 1517 καὶ
783 1462 840 1536 τῆς
867 1465 934 1519 τῶν
963 1456 1140 1539 προγόνων

88 1579 105 1628 3
124 1557 293 1636 ἀπωλείας.
332 1559 442 1643 <115>
460 1562 497 1626 τὸ
517 1556 554 1624 δὲ
572 1564 700 1643 πλῆθος
723 1562 900 1645 πρόθυμον
925 1554 967 1642 ἦν
990 1571 1058 1642 τοῖς
1072 1562 1140 1624 Νε-

124 1667 258 1752 βρώδου
291 1667 455 1750 δόγμασιν
492 1660 648 1749 ἕπεσθαι,
686 1667 842 1732 δουλείαν
878 1666 1066 1749 ἡγούμενον
1102 1668 1141 1732 τὸ

125 1778 226 1838 είκειν
239 1781 284 1860 τῷ
298 1779 383 1858 θεῷ·
406 1769 540 1837 καὶτὸν
562 1773 692 1857 πύργον
715 1768 912 1859 ᾠκοδόμουν
936 1767 1037 1836 οὐδὲν
1060 1769 1141 1837 ἀπο·
1156 1787 1182 1828 1⁵

126 1880 293 1952 λείποντες
316 1878 478 1959 σπουδης,
502 1874 581 1942 οὐδὲ
604 1879 687 1961 πρὸς
708 1873 853 1963 τοῦργον
877 1877 1026 1962 ὀκνηρῶς
1049 1879 1142 1963 ἔχον-

124 2006 185 2059 τες.
224 1982 386 2067 ἐλάμβανε
406 1980 442 2048 δὲ
461 1990 586 2050 θᾶττον
608 1983 693 2061 ὕψος
716 1982 736 2064 ή
759 1985 1005 2069 προσεδόκησεν
1028 1985 1070 2049 ἀν
1094 2008 1144 2062 τις

125 2090 191 2155 ὑπὸ
214 2095 443 2178 πολυχειρίας,
475 2092 584 2174 <116>
611 2091 648 2156 τὸ
677 2087 789 2174 μέντοι
812 2089 915 2175 πάχος
937 2085 980 2172 ἦν
1004 2092 1142 2175 ἰσχυρὸν

125 2208 287 2264 τοσοῦτον
320 2194 405 2263 ὥσθ’
436 2194 492 2263 ὑπ’
525 2197 628 2262 αὐτοῦ
660 2202 838 2279 μειοῦσθαι
869 2207 939 2272 τοῖς
971 2197 1073 2282 ὁρῶσι
1104 2199 1141 2262 τὸ

126 2311 236 2386 μῆκος.
274 2300 466 2390 ᾠκοδόμητο
486 2300 516 2367 δ’
540 2302 576 2367 ἐκ
594 2306 741 2367 πλίνθου
761 2301 860 2382 ὀπτῆς
883 2300 1039 2391 ἀσφάλτῳ
1063 2319 1141 2367 συν-
1157 2318 1183 2357 2⁰

127 2404 323 2491 δεδεμένης,
350 2410 395 2485 ὡς
418 2407 460 2473 ἀν
489 2409 533 2492 μή
562 2405 740 2491 περιρρέοι.
787 2404 873 2468 οὕτω
898 2401 935 2469 δὲ
958 2411 1143 2492 μεμηνότας

127 2512 216 2595 ὁρῶν
235 2511 356 2587 αὐτοὺς
374 2513 392 2578 ὁ
411 2514 491 2588 θεὸς
509 2511 669 2597 ἀφανίσαι
692 2506 753 2593 μὲν
772 2507 809 2573 ἐκ
826 2512 949 2588 παντὸς
972 2514 1033 2578 οὐκ
1056 2517 1142 2598 ἔκρι-

126 2641 206 2701 νεν,
238 2616 347 2701 <117>
376 2617 426 2682 ότι
454 2613 530 2701 μηδ’
561 2617 626 2682 ὑπὸ
660 2627 726 2681 τῶν
752 2616 893 2699 πρώτων
921 2616 1142 2685 ἀπολωλότων

47 2708 49 2713 ’
127 2729 412 2809 σωφρονισθεῖεν,
435 2724 481 2799 είς
504 2723 620 2788 στάσιν
644 2718 675 2787 δ’
702 2721 823 2798 αὐτοὺς
846 2722 1021 2807 ἐνέβαλεν,
1044 2724 1142 2790 ἀλλο-

126 2831 298 2915 γλώσσους
320 2827 588 2914 ἀπεργασάμενος
606 2826 661 2893 καὶ
679 2829 744 2894 ὑπὸ
767 2833 981 2913 πολυφωνίας
1003 2834 1143 2915 ποιήσας
1156 2847 1183 2887 2⁵

127 2935 254 3003 ἑαυτῶν
274 2934 455 3012 ἀσυνέτους
473 2930 568 2999 εἶναι.
607 2932 681 3001 ὁδε
699 2938 798 3012 τόπος
822 2934 858 2999 ἐν
882 2929 908 3024 β
931 2939 991 3002 τὸν
1013 2938 1143 3023 πύργον

127 3039 359 3129 ᾠκοδόμησαν,
381 3051 446 3108 νῦν
464 3042 630 3125 Βαβυλὼν
648 3047 794 3107 καλεῖται
819 3043 874 3107 διά
897 3044 957 3127 τήν
981 3045 1143 3129 σύγχυσιν

126 3158 187 3214 τοῦ
205 3146 281 3233 περὶ
300 3149 361 3231 τήν
381 3149 553 3213 διάλεκτον
571 3157 704 3231 πρῶτον
720 3147 893 3234 ἐναργοῦς·
913 3147 1060 3235 Ἑβραῖοι
1079 3151 1142 3233 γάρ

127 3255 189 3337 τήν
205 3254 368 3338 σύγχυσιν
382 3250 484 3337 βαβὲλ
499 3258 647 3319 καλοῦσι.
675 3253 783 3337 <118>
797 3251 873 3338 περὶ
888 3249 925 3317 δὲ
939 3265 998 3320 τοῦ
1012 3257 1142 3339 πύργου

126 3361 247 3426 τούτου
261 3357 315 3424 καὶ
330 3369 387 3443 τῆς
401 3358 611 3445 ἀλλοφωνίας
624 3369 690 3424 τῶν
709 3357 898 3444 ἀνθρώπων
914 3357 1073 3445 μέμνηται
1087 3360 1142 3426 καὶ
1157 3378 1184 3417 ³0

200 3478 612 3548 §113=Gen.X8;X13.
