2460 3848
96 135 163 200 216
466 136 740 189 APxAlvomz

93 293 284 381 Ἰδουμαίας
302 297 402 384 ὅρους
419 292 516 380 ήλθε,
538 294 593 361 καὶ
615 295 769 382 πρέσβεις
790 297 873 381 πρὸς
893 296 954 361 τὸν
977 293 1119 379 βασιλέα

97 415 165 469 τών
185 400 382 488 Ἰδουμαίων
404 402 534 487 πέμψας
551 400 646 485 ήξίου
670 403 787 469 δίοδον
810 400 898 489 αὐτῷ
921 414 1120 487 παρασχεῖν,

97 513 224 586 πίστεις
250 509 289 586 ἃς
316 509 414 586 αὐτὸς
441 506 554 575 ἐθέλοι
581 512 697 592 λαβεῖν
724 504 808 595 ὑπὲρ
831 517 892 573 τοῦ
914 504 1020 592 μηδὲν
1046 507 1120 574 άδι-

98 620 283 701 κήσεσθαι,
315 616 437 681 δώσειν
464 615 659 700 ὁμολογῶν,
690 613 817 701 ἀγοράν
844 637 879 679 τε
911 623 957 703 τώ
987 623 1119 702 στρατῷ

99 731 298 808 χορηγῆσαι,
325 724 356 786 εί
383 719 438 787 καὶ
459 723 558 806 τιμήν
582 731 642 787 τοῦ
664 721 786 798 ὕδατος
809 720 930 797 αὐτοῦς
951 720 1148 786 κελεύσειετ

98 830 307 910 καταβαλεῖν.
352 828 440 913 <77>
460 828 478 893 δ
498 825 529 893 δ’
547 820 597 905 οἷς
620 826 860 914 ἐπρεσβεύσατο
883 830 1035 909 Μωυσῆς
1058 826 1122 892 οὐκ

100 933 332 1018 ἀρεσκόμενος,
355 929 435 999 οὐδὲ
454 944 635 1020 συγχωρῶν
653 934 714 1017 τήν
738 933 867 1016 δίοδον,
890 934 1034 997 ἔνοπλον
1058 934 1122 1017 τήν

100 1039 257 1124 στρατιὰν
275 1038 410 1123 ἀγαγὼν
426 1042 621 1126 προαπήντα
638 1047 684 1127 τῷ
698 1042 852 1122 Μωυσεῖ,
874 1039 1037 1104 κωλύσων
1062 1038 1123 1103 αύ-

101 1148 181 1223 τοὺς
216 1148 248 1210 εί
282 1148 481 1230 τολμήσειαν
518 1148 575 1233 βίᾳ
606 1150 838 1231 περαιοῦσθαι.
883 1141 938 1209 καὶ
968 1147 1124 1228 Μωυσῆς

104 1251 232 1339 (ἄρχειν
250 1253 314 1338 γὰρ
333 1253 438 1338 μάχης
456 1253 497 1318 οὐ
516 1255 780 1338 συνεβούλευσεν
804 1254 822 1320 ὁ
845 1256 926 1330 θεὸς
943 1249 1122 1340 χρωμένφ)
1138 1271 1164 1310 1ο

102 1361 163 1443 τήν
188 1359 332 1442 δύναμιν
354 1357 518 1443 ὑπανῆγε,
542 1359 598 1423 διὰ
620 1368 678 1444 τῆς
701 1357 826 1444 έρήμου
849 1356 1034 1443 ἐκπεριιών.

67 1475 84 1523 6
171 1465 258 1549 <78>
281 1467 353 1530 τότε
377 1462 497 1548 δήκαὶ
526 1467 588 1550 τήν
610 1463 760 1550 ἀδελφήν
784 1465 888 1530 αὐτοῦ
910 1461 1124 1549 Μαριάμμην

104 1573 238 1656 τελευτή
271 1581 331 1637 τοῦ
363 1574 440 1656 βίον
472 1571 732 1657 καταλαμβάνει,
764 1571 1021 1657 τετταρακοστὸν
1050 1572 1125 1647 έτος

102 1683 358 1764 πεπληρωκυῖαν
386 1673 443 1763 ἀφ’
470 1673 512 1743 οὗ
539 1679 599 1762 τήν
622 1684 795 1762 Αἴγυπτον
816 1676 986 1759 κατέλιπε,
1016 1679 1125 1760 μηνὸς

103 1780 141 1849 δὲ
174 1783 346 1858 Ξανθικοῦ
378 1788 545 1872 νουμηνίᾳ
576 1785 658 1850 κατά
690 1788 842 1869 σελήνην.
888 1783 1057 1849 θάπτουσι
1087 1779 1120 1846 δ’
1139 1802 1165 1842 15

103 1890 208 1972 αὐτήν
228 1890 372 1977 δημοσία
389 1893 578 1966 πολυτελῶς
599 1888 684 1976 ὑπέρ
701 1913 792 1967 τινος
810 1892 920 1975 ὄρους,
943 1888 961 1953 ὃ
980 1895 1124 1954 καλοῦσι

104 1998 183 2059 Σίν·
207 1993 262 2060 καὶ
285 1998 500 2079 πενθήσαντα
529 1994 582 2061 ἐπὶ
611 1993 783 2082 τριάκονθ’
809 1994 933 2081 ἡμέρας
954 1997 1014 2060 τὸν
1037 1997 1124 2061 λαὸν

104 2099 249 2189 ἐκάθηρε
267 2106 417 2185 Μωυσῆς
434 2103 541 2192 τούτῳ
563 2111 608 2189 τῷ
632 2106 753 2192 τρόπω.
799 2102 886 2186 <79>
908 2103 1034 2184 μόσχον
1057 2104 1124 2186 θή-

104 2213 214 2292 λειαν,
242 2208 385 2296 ἀρότρου
409 2205 471 2294 μὲν
493 2208 549 2275 καὶ
571 2214 733 2296 γεωργίας
755 2210 908 2292 άπειρον,
936 2206 1124 2291 ὁλόκληρον

106 2314 160 2400 δέ,
189 2315 318 2400 ξανθήν
345 2325 471 2399 πᾶσαν,
503 2318 623 2402 μικρὸν
646 2318 782 2381 άπωθεν
811 2325 872 2380 τοῦ
895 2310 1122 2399 στρατοπέδω
1137 2333 1165 2372 εο

104 2424 305 2507 προαγαγὼν
323 2423 371 2498 είς
388 2424 512 2507 χωρίον
530 2422 767 2506 καθαρώτατον
787 2422 804 2487 ὁ
823 2419 995 2506 ἀρχιερεὺς
1017 2418 1126 2484 ἔθυσέ

104 2550 139 2591 τε
163 2524 218 2591 καὶ
240 2535 300 2590 τοῦ
328 2527 463 2612 αἵματος
487 2522 617 2602 ἑπτάκις
646 2529 764 2612 ἔρρανε
786 2535 831 2615 τῷ
856 2526 1006 2614 δακτύλῳ
1030 2523 1123 2612 άντι-

105 2634 168 2715 κρὺ
192 2639 249 2714 τῆς
272 2639 394 2714 σκηνῆς
420 2639 481 2695 τοῦ
503 2636 601 2696 θεοῦ·
634 2631 721 2715 <8Ο>
744 2634 854 2697 ἔπειτα
876 2629 1053 2715 καιομένης
1077 2631 1123 2707 ώς

105 2730 193 2820 εἶχεν
217 2735 295 2818 ὅλης
317 2743 375 2817 τῆς
398 2736 568 2818 δαμάλεως
591 2739 654 2801 σὺν
677 2746 715 2822 τῆ
741 2739 824 2825 δορᾷ
847 2736 902 2803 καὶ
924 2748 993 2813 τοῖς
1016 2736 1123 2820 ἐντός,

106 2841 207 2920 ξύλον
229 2838 385 2926 κέδρινον
416 2843 463 2918 είς
484 2838 587 2924 μέσον
610 2841 812 2926 ἐμβάλλουσι
834 2846 872 2909 τὸ
895 2853 961 2927 πῦρ
985 2841 1040 2908 καὶ
1062 2843 1121 2908 ύσ-
1137 2861 1166 2901 ²5

107 2967 219 3015 σωπον
238 2943 292 3012 καὶ
312 2949 486 3030 φοινικτὸν
505 2949 606 3033 ἔριον.
644 2949 843 3032 συναγαγὼν
862 2945 892 3013 δ’
916 2949 1016 3032 αὐτῆς
1039 2949 1123 3013 άπα-

107 3073 170 3120 σαν
201 3057 263 3138 τήν
293 3050 420 3137 τέφραν
450 3051 550 3136 ἁγνὸς
580 3053 665 3142 ἀνὴρ
688 3059 905 3138 κατατίθησιν
928 3057 975 3131 είς
997 3059 1123 3141 χωρίον

107 3162 354 3248 καθαρώτατον.
399 3159 486 3242 <81>
512 3162 591 3236 τοὺς
618 3156 681 3227 οὖν
708 3159 773 3227 άπὸ
800 3171 922 3246 νεκροῦ
944 3160 1123 3246 μεμιασμέ-

106 3291 198 3351 νους,
221 3276 278 3351 τῆς
295 3262 416 3351 τέφρας
434 3264 548 3347 ὀλίγον
571 3268 619 3342 είς
640 3269 749 3351 πηγήν
773 3266 914 3345 ἐνιέντες
935 3264 991 3332 καὶ
1013 3267 1123 3333 ὕσσω-

177 3403 523 3474 576εΝοω.ΧΧ14.
601 3404 929 3470 §78=Num.XX1.
1002 3412 1122 3472 §ma

83 3494 173 3552 Num.
193 3496 268 3552 XIX
283 3504 309 3554 1.
