2460 3848
116 149 157 212 12
482 149 755 209 ΑΡΧΔΙΟΔΟΓΙΑΣ
816 190 819 196 .

115 307 151 377 δέ
174 321 319 388 τοκετοῖς
344 307 400 375 καὶ
428 322 499 388 ταῖς
528 310 561 389 ἐξ
592 310 725 377 ώδίνων
753 308 934 394 ἀλγηδόσιν
964 308 1131 392 ἐκόλαζεν,

115 417 166 482 ὅτι
188 420 247 484 τὸν
262 416 422 502 Ἄδαμον,
445 409 496 494 οἷς
517 416 622 501 αὐτὴν
646 417 663 483 6
688 419 764 502 όφις
787 416 977 501 ἐξηπάτησε,
999 417 1130 493 τούτοις

114 522 412 610 παρακρουσαμένη
428 533 614 610 συμφοραῖς
627 521 830 609 περιέβαλεν.
868 524 956 606 <50>
975 521 1129 607 ἀφείλετο

115 625 152 694 δὲ
181 628 235 695 καὶ
262 632 321 696 τὸν
345 631 425 715 όφιν
447 631 509 714 τὴν
532 632 666 714 φωνην,
701 629 871 716 ὀργισθεὶς
894 626 947 694 ἐπὶ
970 637 1009 713 τῇ
1032 653 1131 694 κακο-

114 739 216 823 ηθείᾳ
234 745 272 821 τῇ
291 739 374 823 πρὸς
391 738 450 803 τὸν
465 734 625 821 Ἄδαμον,
647 735 702 801 καὶ
722 739 776 802 ίὸν
794 735 966 820 ἐντίθησιν
984 734 1050 800 ὑπὸ
1069 736 1131 818 τὴν
1158 751 1172 792 ⁵

116 847 264 924 γλῶτταν
294 843 402 931 αὐτῷ,
431 841 591 927 πολέμιον
625 842 801 921 ἀποδείξας
832 842 1043 928 ἀνθρώποις,
1075 840 1131 906 καὶ

116 947 324 1033 ὑποθέμενος
346 949 427 1014 κατὰ
449 959 507 1034 τῆς
535 955 679 1034 κεφαλῆς
701 947 816 1035 φέρειν
838 951 896 1026 τάς
917 949 1058 1033 πληγάς,
1086 948 1132 1024 ὡς

117 1052 153 1119 ἐν
177 1053 285 1142 ἐκείνη
309 1065 368 1121 τοῦ
391 1079 425 1121 τε
448 1066 552 1122 κακοῦ
570 1066 630 1122 τοῦ
648 1058 731 1141 πρὸς
753 1055 954 1142 ἀνθρώπους
976 1052 1132 1138 κειμένου

115 1157 171 1225 καί
198 1152 257 1244 τῆς
285 1166 438 1245 τελευτῆς
467 1158 589 1249 βάστης
617 1173 695 1247 τοῖς,
713 1159 936 1246 ἀμυνομένοις
963 1159 1132 1245 ἐσομένης,

115 1268 230 1332 ποδῶν
253 1263 281 1331 τ’
309 1267 411 1333 αὐτὸν
440 1265 667 1354 ἀποστερήσας
694 1269 858 1353 σύρεσθαι
884 1268 967 1332 κατὰ
993 1275 1050 1350 τῆς
1071 1275 1132 1349 γῆς
1147 1283 1173 1322 1⁰

117 1374 348 1456 ἰλυσπώμενον
372 1372 534 1457 ἐποίησεν.

185 1478 272 1563 <51>
294 1477 350 1543 καὶ
369 1479 386 1545 6
406 1475 467 1563 μὲν
492 1484 583 1563 θεός,
605 1490 707 1545 ταῦτα
729 1478 914 1564 προστάξας
937 1479 1049 1556 αὐτοῖς
1071 1479 1132 1543 πά-

117 1601 225 1671 σχειν,
253 1589 425 1670 μετοικίζει
452 1588 511 1652 τὸν
530 1585 679 1670 Ἄδαμον
705 1585 761 1651 καὶ
787 1588 849 1670 τὴν
872 1584 983 1651 Εύέαν
1013 1584 1048 1650 ἐκ
1071 1594 1132 1650 τοῦ

81 1695 224 1776 2κήπου
243 1695 290 1769 είς
309 1691 422 1777 ἕτερον
440 1695 576 1778 χωρίον,
600 1693 687 1775 <52>
702 1696 852 1776 γίνονται
871 1689 902 1756 δ’
924 1691 1036 1768 αὐτοῖς
1057 1703 1132 1756 παί-

117 1799 172 1874 δες
194 1799 329 1882 ἀρρενες
353 1798 427 1880 δύο,
449 1799 713 1882 προσηγορεύετο
733 1795 763 1863 δ’
785 1798 896 1863 αὐτῶν
919 1797 937 1863 6
961 1793 1022 1882 μὲν
1043 1808 1132 1883 πρῶ·
1147 1813 1173 1853 1⁵

118 1926 173 1978 τος
191 1903 276 1978 Κάις
299 1899 429 1987 (κτῆσιν
449 1898 486 1966 δέ
505 1906 658 1985 σημαίνει
676 1913 773 1968 τοῦτο
797 1906 1131 1987 μεθερμηνευόμενον

117 2006 298 2093 τοῦνομα),
317 2005 455 2091 Ἄβελος
478 2003 516 2072 δὲ
539 2007 556 2073 6
581 2010 734 2093 δεύτερος
758 2007 924 2093 (σημαίνει
947 2005 985 2073 δὲ
1007 2007 1133 2086 πένθος

118 2112 240 2202 τοῦτο).
286 2099 435 2197 γίνονται
464 2110 495 2179 δ’
527 2114 639 2191 αὐτοῖς
665 2114 721 2180 καὶ
747 2113 937 2201 θυγατέρες.
984 2116 1071 2199 <53>
1100 2117 1135 2181 οί

118 2223 178 2306 μὲν
216 2217 278 2287 οὖν
310 2220 449 2307 ἀδελφοὶ
489 2222 664 2306 διαφόροις
696 2225 829 2308 ἔχαιρον
866 2222 1132 2306 ἐπιτηδεύμασιν.

110 2325 247 2411 Ἄβελος
276 2323 337 2410 μὲν
367 2328 431 2412 γάρ
459 2328 477 2393 ὁ
501 2330 661 2412 νεώτερος
691 2329 904 2411 δικαιοσύνης
933 2327 1132 2411 ἐπεμελεῖτο,
1146 2345 1173 2384 20

118 2431 173 2496 καὶ
203 2442 283 2496 πᾶσι
313 2443 382 2508 τοῖς
410 2429 467 2496 ὑπ’
495 2432 598 2498 αὐτοῦ
628 2433 863 2518 πραττομένοις
891 2445 1045 2521 παρεῖναι
1072 2436 1132 2499 τὸν

117 2539 201 2603 θεὸν
230 2540 374 2620 νομίζων
401 2536 518 2621 ἀρετῆς
539 2551 750 2622 προυνοεϊτο·
777 2542 966 2625 ποιμενικὸς
989 2537 1020 2605 δ’
1046 2534 1089 2624 ἦν
1113 2540 1130 2606 6

118 2645 190 2726 βίος
217 2642 323 2728 αὐτῷ·
360 2642 444 2719 Κάις
471 2639 509 2707 δὲ
535 2645 575 2708 τά
598 2642 626 2710 τ’
653 2647 738 2711 ἀλλα
765 2650 988 2732 πονηρότατος
1010 2643 1054 2730 ἦν
1076 2644 1131 2711 καὶ

117 2750 200 2833 πρὸς
226 2750 264 2813 τὸ
294 2750 481 2832 κερδαίνειν
510 2754 615 2833 μόνον
639 2750 855 2836 ἀποβλέπων,
884 2763 947 2836 γῆν
970 2750 998 2818 τ’
1026 2752 1132 2838 ἀροῦν
1197 2820 1200 2826 ,

119 2854 276 2940 ἐπενόησε
302 2865 449 2940 πρώτος,
477 2854 533 2921 καὶ
562 2863 683 2923 κτείνει
712 2861 771 2925 τὸν
799 2858 946 2945 ἀδελφὸν
970 2858 1003 2936 ἐξ
1028 2861 1172 2935 αίτίας25

117 2965 280 3047 τοιαύτης.
327 2964 411 3045 <54>
434 2969 539 3029 θῦσαι
568 2974 613 3051 τῷ
641 2972 712 3053 θεῷ
741 2964 842 3043 δόξαν
870 2966 1000 3049 αὐτοῖς,
1030 2966 1047 3032 6
1072 2960 1133 3050 μὲν

119 3070 202 3146 Κάις
225 3072 302 3146 τοὺς
325 3068 389 3135 ἀπὸ
412 3079 470 3153 της
492 3075 652 3154 γεωργίας
678 3070 733 3137 καὶ
760 3083 827 3137 τών
850 3083 964 3156 φυτῶν
987 3075 1133 3156 καρποὺς

119 3173 316 3258 ἐπήνεγκεν,
341 3173 477 3259 Ἄβελος
509 3172 546 3240 δὲ
578 3178 662 3259 γάλα
694 3176 748 3243 καὶ
780 3179 819 3242 τὰ
846 3181 1037 3263 πρωτότοκα
1066 3189 1133 3243 τών

118 3282 346 3366 βοσκημάτων.
380 3282 398 3347 6
418 3278 455 3346 δὲ
472 3283 553 3358 θεὸς
566 3284 668 3369 ταύτη
682 3288 810 3367 μᾶλλον
827 3285 941 3368 ἥδεται
960 3293 998 3369 τῇ
1017 3287 1133 3371 θυσία,

119 3399 187 3464 τοῖς
214 3386 411 3470 αὐτομάτοις
437 3385 492 3452 καὶ
518 3388 600 3453 κατὰ
627 3391 732 3472 φύσιν
760 3393 915 3473 γεγονόσι
940 3392 1134 3475 τιμώμενος,
1147 3404 1175 3444 ⁸0

190 3507 389 3575 §hh-Gen.
409 3507 448 3561 ΠΙ
468 3515 502 3563 14
