2460 3848
121 157 188 223 296
490 160 765 213 αετειοιοειιε

120 322 201 396 νοῦς
215 328 476 405 κατηγοροῦντες
488 331 555 385 τῶν
568 322 754 385 νεανίσκων
766 320 810 384 τά
823 319 908 406 περὶ
924 324 994 408 τὴν
1007 335 1144 408 γυναῖκα,

120 424 176 490 καὶ
203 427 286 512 πρὸς
311 428 472 511 τιμωρίαν
499 426 670 502 αἰτοῦντες
695 427 773 502 τοῦς
803 424 1014 510 δράσαντας
1036 426 1144 514 μὲνού

120 535 261 616 νόμιμα,
289 529 488 616 γενομένους
517 527 554 596 δέ
582 532 730 607 δικαίους
758 526 833 594 ἀντ’
864 532 993 600 αὐτῶν
1022 535 1144 602 ἐκείνων

121 636 316 703 ἀποθανεῖν.
362 638 472 720 <154>
495 637 531 702 οί
558 633 595 702 δέ
618 633 788 720 Γαβαηνοὶ
812 636 897 702 οὕτε
933 642 1022 718 τοὺς
1050 643 1144 706 νεανί-

121 760 221 819 σκους
238 739 407 824 ἐξέδοσαν,
428 740 484 806 καὶ
503 744 617 808 δεινὸν
634 741 820 826 ἀλλοτρίοις
833 740 1036 813 ὑπακούειν
1058 760 1160 835 ,φημι

121 847 283 930 τάγμασιν
313 846 458 930 ἡγοῦντο
484 845 632 932 πολέμου
658 849 769 936 φόβφ,
796 847 952 930 μηδενὸς
985 851 1146 932 ἀξιοῦντες

122 947 207 1016 εἶναι
226 955 359 1036 χείρους
376 951 414 1017 ἐν
432 964 501 1030 τοῖς
519 953 633 1030 ὅπλοις
650 955 730 1038 μήτε
754 952 810 1017 διὰ
831 957 980 1038 πλῆθος
1002 963 1087 1045 μήτε
1107 956 1143 1025 δι’

120 1055 293 1140 εὐψυχίαν.
338 1053 425 1141 ἦσαν
439 1054 471 1122 δ’
489 1057 527 1123 ἐν
544 1066 734 1144 παρασκευῇ
752 1056 881 1143 μεγάλη
900 1064 995 1143 μετὰ
1015 1063 1146 1131 καὶτῶν

120 1163 231 1226 ἀλλων
250 1168 418 1247 φυλετῶν·
443 1168 746 1250 συναπενοήθησαν
764 1164 827 1249 γὰρ
851 1164 978 1244 αὐτοῖς
1003 1171 1053 1248 ὡς
1074 1171 1146 1256 ἄμυ-

118 1269 276 1353 νούμενοι
300 1267 524 1354 βιαζομένους.
1154 1289 1169 1330 10

68 1393 99 1440 10
185 1375 295 1459 (155)
319 1375 363 1451 ὡς
385 1371 423 1440 δέ
445 1384 582 1440 τοιαῦτα
600 1374 748 1460 ἠγγέλθη
770 1385 839 1450 τοῖς
857 1370 1094 1462 Ἰσραηλίταις
1113 1382 1146 1446 τά

118 1481 206 1566 παρά
229 1492 296 1546 τῶν
320 1482 521 1564 Γαβαηνῶν,
550 1481 671 1567 ὅρκους
692 1491 865 1547 ποιοῦνται
889 1483 1035 1565 μηδένα
1058 1499 1146 1574 σφῶν
1195 1564 1197 1569 Ι

118 1583 219 1670 ἀνδρὶ
241 1589 421 1671 Βενιαμίτη
445 1587 567 1652 δώσειν
589 1588 672 1672 πρὸς
693 1587 801 1670 γάμον
822 1586 1023 1676 θυγατέρα,
1056 1610 1146 1679 στρα·

117 1692 248 1756 τεύσειυ
270 1688 298 1755 τ’
326 1687 375 1756 ἐπ’
402 1690 539 1774 αὐτούς,
562 1697 689 1775 μᾶλλον
711 1692 823 1768 αὐτοῖς
845 1687 890 1755 δι’
919 1693 1034 1781 ὀργῆς
1058 1702 1147 1776 ὄντες

119 1797 139 1880 ἢ
162 1808 231 1872 τοῖς
246 1799 446 1873 Χαναναίοις
463 1800 542 1874 τοὺς
558 1801 746 1883 προγόνους
766 1797 860 1882 ἡμῶν
882 1806 1173 1890 παρειληφαμενέ

118 1899 328 1985 γενομένους.
372 1901 482 1986 <156>
510 1904 707 1989 παραχρῆμά
734 1901 761 1968 τ’
789 1901 907 1986 ἐξῆγον
935 1900 989 1968 ἐπ’
1020 1910 1147 1987 αὐτοὺς

118 2011 156 2074 τὸ
171 2009 394 2093 στρατόπεδον
408 2008 571 2093 μυριάδας
584 2008 822 2094 τετταράκοντα
836 2008 996 2093 ὁπλιτῶν,
1022 2017 1146 2081 Βενια-

119 2126 223 2198 μιτῶν
254 2111 283 2179 δ’
311 2115 480 2181 ὁπλιτικὸν
507 2110 550 2199 ἦν
575 2116 759 2200 δισμυρίων
782 2112 836 2179 καί
858 2125 1146 2203 πεντακισχιλίων

118 2219 174 2285 καὶ
197 2218 392 2305 ἑξακοσίων,
421 2215 468 2286 ῶν
497 2216 583 2306 ἦσαν
606 2223 653 2298 είς
674 2223 910 2296 πεντακοσίους
931 2232 1005 2298 ταῖς
1030 2229 1147 2304 λαιαῖς

118 2338 185 2392 τῶν
209 2338 329 2413 χειρῶν
347 2329 537 2412 σφενδονᾶν
556 2329 697 2412 ἀριστοι·
720 2326 831 2410 (157)
845 2325 927 2390 ὥστε
949 2325 1007 2391 καὶ
1031 2332 1145 2418 μάχης
1157 2346 1178 2388 ιι

118 2435 200 2516 πρὸς
217 2441 256 2516 τῇ
276 2435 370 2519 Γαβᾷ
393 2431 573 2516 γενομένης
590 2431 767 2516 τρέπουσιν
790 2431 826 2497 οί
838 2435 1034 2515 Βενιαμῖται
1061 2441 1145 2515 τοὺς

114 2533 332 2618 Ἰσραηλίτας,
354 2537 474 2622 άυδρες
496 2558 531 2601 τε
554 2539 731 2602 πίπτουσιν
756 2536 788 2614 ἐξ
812 2536 922 2602 αὐτῶν
945 2537 992 2612 είς
1016 2540 1144 2625 δισμυ-

118 2643 212 2725 ρίους
224 2637 280 2702 καὶ
294 2640 485 2723 δισχιλίους.
522 2639 719 2725 ἐφθάρησαν
740 2640 772 2706 δ’
793 2649 871 2718 ίσως
889 2641 931 2707 ἀν
948 2639 1004 2706 καὶ
1023 2649 1143 2712 πλείο-

117 2768 183 2829 νες,
206 2745 238 2809 εί
259 2745 303 2829 μὴ
326 2743 387 2822 νὺξ
407 2745 527 2822 αὐτοὺς
546 2743 660 2830 ἐπέσχε
682 2744 737 2810 καὶ
760 2745 892 2813 διέλυσε
916 2747 1142 2832 μαχομένους.

118 2853 228 2936 <158>
250 2849 306 2917 καὶ
330 2851 365 2917 οί
385 2846 445 2934 μὲν
463 2854 657 2935 Βενιαμῖται
678 2855 849 2937 χαίροντες
871 2851 1065 2938 ἀνεχώρουν
1090 2861 1143 2937 είς
1156 2876 1181 2918 τε

118 2960 180 3042 τὴν
202 2962 317 3042 πόλιν,
344 2957 380 3023 οί
400 2954 430 3022 δ’
454 2954 653 3044 Ἰσραηλῖται
683 2962 965 3043 καταπεπληγότες
986 2959 1054 3026 ὑπὸ
1078 2975 1142 3048 τῆς

117 3064 216 3148 ἥττης
239 3066 286 3140 είς
308 3066 345 3129 τὸ
369 3065 600 3148 στρατόπεδον.
645 3074 684 3151 τῇ
709 3063 741 3130 δ’
765 3064 902 3150 έπιούση
925 3065 1026 3129 πάλιν
1051 3083 1140 3151 συμ-

118 3172 290 3251 βαλόντων
313 3169 349 3234 οί
367 3172 561 3253 Βενιαμῖται
583 3181 754 3257 κρατοῦσι,
776 3169 831 3235 καὶ
853 3172 1041 3254 θνήσκουσι
1065 3184 1138 3239 τῶν

114 3269 327 3359 Ἰσραηλιτῶν
357 3273 592 3361 ὀκτακισχίλιοι
614 3277 670 3342 καὶ
692 3279 823 3362 μύριοι,
855 3277 964 3360 <159>
986 3274 1042 3341 καὶ
1066 3279 1137 3343 δεί-

118 3392 234 3454 σαντες
256 3378 315 3443 τὸν
342 3381 450 3463 φόνον
477 3379 627 3458 ἐξέλιπον
650 3385 688 3448 τὸ
712 3382 945 3468 στρατόπεδον.
990 3402 1135 3467 παραγε-
1150 3404 1179 3444 ιο

189 3502 204 3564 5
226 3499 425 3555 154=Iudio.
444 3499 496 3554 XX
517 3508 558 3557 14.
