<?xml version="1.0" encoding="UTF-8"?>
<!DOCTYPE html PUBLIC "-//W3C//DTD XHTML 1.0 Transitional//EN"
    "http://www.w3.org/TR/xhtml1/DTD/xhtml1-transitional.dtd">
<html xmlns="http://www.w3.org/1999/xhtml" xml:lang="en" lang="en">
 <head>
  <title>
</title>
<meta http-equiv="Content-Type" content="text/html;charset=utf-8" />
  <meta name='ocr-system' content='tesseract 3.04.00' />
  <meta name='ocr-capabilities' content='ocr_page ocr_carea ocr_par ocr_line ocrx_word'/>
</head>
<body>
  <div class='ocr_page' id='page_1' title='image "./operaomniaposti01nabegoog_0370.png"; bbox 0 0 2460 3848; ppageno 0'>
   <div class='ocr_carea' id='block_1_1' title="bbox 98 130 740 196">
    <p class='ocr_par' dir='ltr' id='par_1_1' title="bbox 98 130 740 196">
     <span class='ocr_line' id='line_1_1' title="bbox 98 130 740 196; baseline -0.022 0"><span class='ocrx_word' id='word_1_1' title='bbox 98 130 164 196; x_wconf 77' lang='lat'><strong><em>312</em></strong></span> <span class='ocrx_word' id='word_1_2' title='bbox 466 133 740 184; x_wconf 71' lang='grc' dir='ltr'><strong><em>ΑΡωοΛουιλΣ</em></strong></span> 
     </span>
    </p>
   </div>
   <div class='ocr_carea' id='block_1_2' title="bbox 98 289 1205 909">
    <p class='ocr_par' dir='ltr' id='par_1_2' title="bbox 98 289 1205 909">
     <span class='ocr_line' id='line_1_2' title="bbox 98 289 1132 379; baseline 0.001 -21"><span class='ocrx_word' id='word_1_3' title='bbox 98 304 219 379; x_wconf 84' lang='grc' dir='ltr'><strong><em>πυρεῖα</em></strong></span> <span class='ocrx_word' id='word_1_4' title='bbox 251 291 280 358; x_wconf 91' lang='grc' dir='ltr'><strong><em>δ’</em></strong></span> <span class='ocrx_word' id='word_1_5' title='bbox 313 293 425 377; x_wconf 87' lang='grc' dir='ltr'><strong><em>ἀγαθή</em></strong></span> <span class='ocrx_word' id='word_1_6' title='bbox 453 303 635 379; x_wconf 77' lang='grc' dir='ltr'><strong><em>παρασχεῖν</em></strong></span> <span class='ocrx_word' id='word_1_7' title='bbox 666 303 733 357; x_wconf 85' lang='grc' dir='ltr'><strong><em>τῶν</em></strong></span> <span class='ocrx_word' id='word_1_8' title='bbox 764 291 873 370; x_wconf 80' lang='grc' dir='ltr'><strong><em>ξύλων</em></strong></span> <span class='ocrx_word' id='word_1_9' title='bbox 903 289 1016 378; x_wconf 87' lang='grc' dir='ltr'><strong><em>ἐστίν)</em></strong></span> <span class='ocrx_word' id='word_1_10' title='bbox 1051 293 1132 359; x_wconf 87' lang='grc' dir='ltr'><strong><em>ὑπι-</em></strong></span> 
     </span>
     <span class='ocr_line' id='line_1_3' title="bbox 100 384 1205 486; baseline 0 -22"><span class='ocrx_word' id='word_1_11' title='bbox 100 411 245 486; x_wconf 91' lang='grc' dir='ltr'><strong><em>σχνεῖται</em></strong></span> <span class='ocrx_word' id='word_1_12' title='bbox 277 401 338 485; x_wconf 87' lang='grc' dir='ltr'><strong><em>τήν</em></strong></span> <span class='ocrx_word' id='word_1_13' title='bbox 371 400 476 486; x_wconf 86' lang='grc' dir='ltr'><strong><em>ἀρχήν</em></strong></span> <span class='ocrx_word' id='word_1_14' title='bbox 507 399 738 484; x_wconf 72' lang='grc' dir='ltr'><strong><em>ἀναλήψεσθαι</em></strong></span> <span class='ocrx_word' id='word_1_15' title='bbox 769 396 824 463; x_wconf 84' lang='grc' dir='ltr'><strong><em>καὶ</em></strong></span> <span class='ocrx_word' id='word_1_16' title='bbox 856 396 988 474; x_wconf 79' lang='grc' dir='ltr'><strong><em>ἀόκνως</em></strong></span> <span class='ocrx_word' id='word_1_17' title='bbox 1024 401 1130 484; x_wconf 80' lang='grc' dir='ltr'><strong><em>ἔχειν.</em></strong></span> <span class='ocrx_word' id='word_1_18' title='bbox 1177 384 1205 432; x_wconf 66' lang='grc'>”</span> 
     </span>
     <span class='ocr_line' id='line_1_4' title="bbox 100 503 1125 591; baseline -0.001 -20"><span class='ocrx_word' id='word_1_19' title='bbox 100 508 173 572; x_wconf 94' lang='grc' dir='ltr'><strong><em>δεῖν</em></strong></span> <span class='ocrx_word' id='word_1_20' title='bbox 205 505 317 591; x_wconf 87' lang='grc' dir='ltr'><strong><em>μέντοι</em></strong></span> <span class='ocrx_word' id='word_1_21' title='bbox 349 506 538 584; x_wconf 82' lang='grc' dir='ltr'><strong><em>συνιζάνειν</em></strong></span> <span class='ocrx_word' id='word_1_22' title='bbox 570 505 654 570; x_wconf 81' lang='grc' dir='ltr'><strong><em>αὐτὰ</em></strong></span> <span class='ocrx_word' id='word_1_23' title='bbox 685 506 751 571; x_wconf 84' lang='grc' dir='ltr'><strong><em>ὑπὸ</em></strong></span> <span class='ocrx_word' id='word_1_24' title='bbox 782 506 844 588; x_wconf 88' lang='grc' dir='ltr'><strong><em>τήν</em></strong></span> <span class='ocrx_word' id='word_1_25' title='bbox 876 503 990 568; x_wconf 85' lang='grc' dir='ltr'><strong><em>σκιάν·</em></strong></span> <span class='ocrx_word' id='word_1_26' title='bbox 1026 506 1061 569; x_wconf 86' lang='grc' dir='ltr'><strong><em>εί</em></strong></span> <span class='ocrx_word' id='word_1_27' title='bbox 1093 503 1125 570; x_wconf 91' lang='grc' dir='ltr'><strong><em>δ’</em></strong></span> 
     </span>
     <span class='ocr_line' id='line_1_5' title="bbox 100 607 1132 699; baseline 0 -21"><span class='ocrx_word' id='word_1_28' title='bbox 100 614 246 699; x_wconf 90' lang='grc' dir='ltr'><strong><em>όλεθρον</em></strong></span> <span class='ocrx_word' id='word_1_29' title='bbox 274 609 324 677; x_wconf 82' lang='grc' dir='ltr'><strong><em>ἐπ’</em></strong></span> <span class='ocrx_word' id='word_1_30' title='bbox 352 613 434 697; x_wconf 79' lang='grc' dir='ltr'><strong><em>αὐτή</em></strong></span> <span class='ocrx_word' id='word_1_31' title='bbox 462 622 638 697; x_wconf 78' lang='grc' dir='ltr'><strong><em>φρονοῖεν,</em></strong></span> <span class='ocrx_word' id='word_1_32' title='bbox 664 611 729 676; x_wconf 87' lang='grc' dir='ltr'><strong><em>ὑπὸ</em></strong></span> <span class='ocrx_word' id='word_1_33' title='bbox 757 619 818 676; x_wconf 86' lang='grc' dir='ltr'><strong><em>τοῦ</em></strong></span> <span class='ocrx_word' id='word_1_34' title='bbox 848 607 983 685; x_wconf 80' lang='grc' dir='ltr'><strong><em>ἐνόντος</em></strong></span> <span class='ocrx_word' id='word_1_35' title='bbox 1015 614 1132 697; x_wconf 86' lang='grc' dir='ltr'><strong><em>πυρὸς</em></strong></span> 
     </span>
     <span class='ocr_line' id='line_1_6' title="bbox 100 713 1152 803; baseline -0.01 -19"><span class='ocrx_word' id='word_1_36' title='bbox 100 721 328 803; x_wconf 87' lang='grc' dir='ltr'><strong><em>διαφθαρεῖεν.</em></strong></span> <span class='ocrx_word' id='word_1_37' title='bbox 375 717 482 800; x_wconf 85' lang='grc'>&lt;239&gt;</span> <span class='ocrx_word' id='word_1_38' title='bbox 502 717 620 782; x_wconf 69' lang='grc' dir='ltr'><strong><em>&lt;ταῦτα</em></strong></span> <span class='ocrx_word' id='word_1_39' title='bbox 634 713 664 781; x_wconf 91' lang='grc' dir='ltr'><strong><em>δ’</em></strong></span> <span class='ocrx_word' id='word_1_40' title='bbox 688 716 729 782; x_wconf 81' lang='grc' dir='ltr'><strong><em>οὐ</em></strong></span> <span class='ocrx_word' id='word_1_41' title='bbox 744 713 885 799; x_wconf 82' lang='grc' dir='ltr'><strong><em>γέλωτος</em></strong></span> <span class='ocrx_word' id='word_1_42' title='bbox 898 713 1013 779; x_wconf 81' lang='grc' dir='ltr'><strong><em>ἕνεκα’</em></strong></span> <span class='ocrx_word' id='word_1_43' title='bbox 1038 721 1131 801; x_wconf 89' lang='grc' dir='ltr'><strong><em>φησί</em></strong></span> <span class='ocrx_word' id='word_1_44' title='bbox 1140 734 1152 774; x_wconf 78' lang='grc' dir='ltr'><strong><em>ι</em></strong></span> 
     </span>
     <span class='ocr_line' id='line_1_7' title="bbox 101 818 1127 909; baseline -0.001 -20"><span class='ocrx_word' id='word_1_45' title='bbox 101 822 233 906; x_wconf 53' lang='grc' dir='ltr'><strong><em>(λέγω’,</em></strong></span> <span class='ocrx_word' id='word_1_46' title='bbox 256 822 305 886; x_wconf 86' lang='grc' dir='ltr'><strong><em>ὅτι</em></strong></span> <span class='ocrx_word' id='word_1_47' title='bbox 330 818 367 886; x_wconf 78' lang='grc' dir='ltr'><strong><em>δέ</em></strong></span> <span class='ocrx_word' id='word_1_48' title='bbox 390 827 524 888; x_wconf 78' lang='grc' dir='ltr'><strong><em>πολλῶν</em></strong></span> <span class='ocrx_word' id='word_1_49' title='bbox 547 822 687 905; x_wconf 89' lang='grc' dir='ltr'><strong><em>ἀγαθῶν</em></strong></span> <span class='ocrx_word' id='word_1_50' title='bbox 711 821 747 887; x_wconf 89' lang='grc' dir='ltr'><strong><em>ἐκ</em></strong></span> <span class='ocrx_word' id='word_1_51' title='bbox 770 824 940 898; x_wconf 79' lang='grc' dir='ltr'><strong><em>Γεδεῶνος</em></strong></span> <span class='ocrx_word' id='word_1_52' title='bbox 960 842 1127 909; x_wconf 89' lang='grc' dir='ltr'><strong><em>πεπειρα-</em></strong></span> 
     </span>
    </p>
   </div>
   <div class='ocr_carea' id='block_1_3' title="bbox 65 925 1161 3548">
    <p class='ocr_par' dir='ltr' id='par_1_3' title="bbox 100 925 1161 2602">
     <span class='ocr_line' id='line_1_8' title="bbox 101 925 1126 1014; baseline 0 -20"><span class='ocrx_word' id='word_1_53' title='bbox 101 927 195 1014; x_wconf 93' lang='grc' dir='ltr'><strong><em>μένοι</em></strong></span> <span class='ocrx_word' id='word_1_54' title='bbox 209 940 410 1014; x_wconf 88' lang='grc' dir='ltr'><strong><em>περιορῶσιν</em></strong></span> <span class='ocrx_word' id='word_1_55' title='bbox 425 925 637 1014; x_wconf 80' lang='grc' dir='ltr'><strong><em>Ἀβιμέλεχον</em></strong></span> <span class='ocrx_word' id='word_1_56' title='bbox 656 927 709 994; x_wconf 75' lang='grc' dir='ltr'><strong><em>ἐπὶ</em></strong></span> <span class='ocrx_word' id='word_1_57' title='bbox 727 939 794 995; x_wconf 87' lang='grc' dir='ltr'><strong><em>τῶν</em></strong></span> <span class='ocrx_word' id='word_1_58' title='bbox 814 929 903 993; x_wconf 88' lang='grc' dir='ltr'><strong><em>ὅλων</em></strong></span> <span class='ocrx_word' id='word_1_59' title='bbox 917 929 1000 993; x_wconf 81' lang='grc' dir='ltr'><strong><em>ὄντα</em></strong></span> <span class='ocrx_word' id='word_1_60' title='bbox 1015 951 1126 1014; x_wconf 89' lang='grc' dir='ltr'><strong><em>πραγ-</em></strong></span> 
     </span>
     <span class='ocr_line' id='line_1_9' title="bbox 101 1033 1126 1122; baseline 0.002 -24"><span class='ocrx_word' id='word_1_61' title='bbox 101 1033 229 1119; x_wconf 90' lang='grc' dir='ltr'><strong><em>μάτων,</em></strong></span> <span class='ocrx_word' id='word_1_62' title='bbox 259 1037 322 1100; x_wconf 87' lang='grc' dir='ltr'><strong><em>σὺν</em></strong></span> <span class='ocrx_word' id='word_1_63' title='bbox 352 1035 441 1122; x_wconf 74' lang='grc' dir='ltr'><strong><em>αὐτῷ</em></strong></span> <span class='ocrx_word' id='word_1_64' title='bbox 474 1038 552 1112; x_wconf 84' lang='grc' dir='ltr'><strong><em>τοὺς</em></strong></span> <span class='ocrx_word' id='word_1_65' title='bbox 583 1034 750 1121; x_wconf 83' lang='grc' dir='ltr'><strong><em>ἀδελφοὺς</em></strong></span> <span class='ocrx_word' id='word_1_66' title='bbox 776 1034 1051 1118; x_wconf 88' lang='grc' dir='ltr'><strong><em>ἀποκτείναντες,</em></strong></span> <span class='ocrx_word' id='word_1_67' title='bbox 1084 1034 1126 1100; x_wconf 87' lang='grc' dir='ltr'><strong><em>ὃν</em></strong></span> 
     </span>
     <span class='ocr_line' id='line_1_10' title="bbox 101 1137 1126 1226; baseline 0.001 -21"><span class='ocrx_word' id='word_1_68' title='bbox 101 1143 205 1225; x_wconf 88' lang='grc' dir='ltr'><strong><em>πυρὸς</em></strong></span> <span class='ocrx_word' id='word_1_69' title='bbox 232 1137 333 1206; x_wconf 76' lang='grc' dir='ltr'><strong><em>οὐδὲν</em></strong></span> <span class='ocrx_word' id='word_1_70' title='bbox 361 1143 511 1206; x_wconf 88' lang='grc' dir='ltr'><strong><em>διοίσειν.</em></strong></span> <span class='ocrx_word' id='word_1_71' title='bbox 563 1139 618 1207; x_wconf 78' lang='grc' dir='ltr'><strong><em>καί</em></strong></span> <span class='ocrx_word' id='word_1_72' title='bbox 646 1141 664 1207; x_wconf 87' lang='grc' dir='ltr'>ὃ</span> <span class='ocrx_word' id='word_1_73' title='bbox 692 1137 753 1226; x_wconf 70' lang='grc' dir='ltr'><strong><em>μὲν</em></strong></span> <span class='ocrx_word' id='word_1_74' title='bbox 782 1137 875 1206; x_wconf 87' lang='grc' dir='ltr'><strong><em>ταῦτ’</em></strong></span> <span class='ocrx_word' id='word_1_75' title='bbox 907 1138 1014 1204; x_wconf 86' lang='grc' dir='ltr'><strong><em>είπδον</em></strong></span> <span class='ocrx_word' id='word_1_76' title='bbox 1043 1141 1126 1206; x_wconf 82' lang='grc' dir='ltr'><strong><em>ὑπε-</em></strong></span> 
     </span>
     <span class='ocr_line' id='line_1_11' title="bbox 101 1244 1161 1332; baseline -0.004 -22"><span class='ocrx_word' id='word_1_77' title='bbox 101 1247 229 1332; x_wconf 80' lang='grc' dir='ltr'><strong><em>χώρησε</em></strong></span> <span class='ocrx_word' id='word_1_78' title='bbox 252 1244 307 1311; x_wconf 81' lang='grc' dir='ltr'><strong><em>καὶ</em></strong></span> <span class='ocrx_word' id='word_1_79' title='bbox 335 1248 467 1332; x_wconf 79' lang='grc' dir='ltr'><strong><em>διῃτᾶτο</em></strong></span> <span class='ocrx_word' id='word_1_80' title='bbox 497 1247 678 1313; x_wconf 79' lang='grc' dir='ltr'><strong><em>λανθάνων</em></strong></span> <span class='ocrx_word' id='word_1_81' title='bbox 702 1246 739 1312; x_wconf 94' lang='grc' dir='ltr'><strong><em>ἐν</em></strong></span> <span class='ocrx_word' id='word_1_82' title='bbox 760 1257 830 1323; x_wconf 90' lang='grc' dir='ltr'><strong><em>τοῖς</em></strong></span> <span class='ocrx_word' id='word_1_83' title='bbox 852 1248 965 1331; x_wconf 89' lang='grc' dir='ltr'><strong><em>όρεσι,</em></strong></span> <span class='ocrx_word' id='word_1_84' title='bbox 998 1247 1126 1324; x_wconf 83' lang='grc' dir='ltr'><strong><em>δεδιὼς</em></strong></span> <span class='ocrx_word' id='word_1_85' title='bbox 1139 1265 1161 1306; x_wconf 87' lang='lat'><strong><em>1⁰</em></strong></span> 
     </span>
     <span class='ocr_line' id='line_1_12' title="bbox 102 1348 1125 1439; baseline 0.002 -22"><span class='ocrx_word' id='word_1_86' title='bbox 102 1349 151 1417; x_wconf 88' lang='grc' dir='ltr'><strong><em>ἐπ’</em></strong></span> <span class='ocrx_word' id='word_1_87' title='bbox 179 1355 234 1435; x_wconf 82' lang='grc' dir='ltr'><strong><em>ἔτη</em></strong></span> <span class='ocrx_word' id='word_1_88' title='bbox 257 1357 331 1439; x_wconf 91' lang='grc' dir='ltr'><strong><em>τρία</em></strong></span> <span class='ocrx_word' id='word_1_89' title='bbox 353 1355 412 1419; x_wconf 89' lang='grc' dir='ltr'><strong><em>τὸν</em></strong></span> <span class='ocrx_word' id='word_1_90' title='bbox 432 1349 654 1439; x_wconf 79' lang='grc' dir='ltr'><strong><em>Ἀβιμέλεχον·</em></strong></span> <span class='ocrx_word' id='word_1_91' title='bbox 679 1351 789 1435; x_wconf 82' lang='grc'>&lt;240&gt;</span> <span class='ocrx_word' id='word_1_92' title='bbox 813 1348 880 1435; x_wconf 88' lang='grc' dir='ltr'><strong><em>μετ’</em></strong></span> <span class='ocrx_word' id='word_1_93' title='bbox 904 1350 946 1416; x_wconf 85' lang='grc' dir='ltr'><strong><em>οὐ</em></strong></span> <span class='ocrx_word' id='word_1_94' title='bbox 967 1356 1061 1418; x_wconf 86' lang='grc' dir='ltr'><strong><em>πολὺ</em></strong></span> <span class='ocrx_word' id='word_1_95' title='bbox 1085 1350 1125 1419; x_wconf 77' lang='grc' dir='ltr'><strong><em>δὲ</em></strong></span> 
     </span>
     <span class='ocr_line' id='line_1_13' title="bbox 100 1455 1124 1545; baseline 0.001 -21"><span class='ocrx_word' id='word_1_96' title='bbox 100 1467 157 1541; x_wconf 82' lang='grc' dir='ltr'><strong><em>τῆς</em></strong></span> <span class='ocrx_word' id='word_1_97' title='bbox 181 1456 295 1545; x_wconf 79' lang='grc' dir='ltr'><strong><em>ἑορτῆς</em></strong></span> <span class='ocrx_word' id='word_1_98' title='bbox 318 1460 353 1523; x_wconf 83' lang='grc' dir='ltr'><strong><em>ολ</em></strong></span> <span class='ocrx_word' id='word_1_99' title='bbox 368 1464 537 1543; x_wconf 81' lang='grc' dir='ltr'><strong><em>Σικιμῖται</em></strong></span> <span class='ocrx_word' id='word_1_100' title='bbox 561 1455 778 1545; x_wconf 83' lang='grc' dir='ltr'><strong><em>(μετενόησαν</em></strong></span> <span class='ocrx_word' id='word_1_101' title='bbox 801 1459 863 1543; x_wconf 89' lang='grc' dir='ltr'><strong><em>γάρ</em></strong></span> <span class='ocrx_word' id='word_1_102' title='bbox 888 1455 940 1522; x_wconf 82' lang='grc' dir='ltr'><strong><em>ἐπὶ</em></strong></span> <span class='ocrx_word' id='word_1_103' title='bbox 964 1469 1037 1534; x_wconf 89' lang='grc' dir='ltr'><strong><em>τοῖς</em></strong></span> <span class='ocrx_word' id='word_1_104' title='bbox 1062 1463 1124 1525; x_wconf 91' lang='grc' dir='ltr'><strong><em>Γε-</em></strong></span> 
     </span>
     <span class='ocr_line' id='line_1_14' title="bbox 101 1560 1124 1652; baseline 0.002 -22"><span class='ocrx_word' id='word_1_105' title='bbox 101 1568 225 1641; x_wconf 92' lang='grc' dir='ltr'><strong><em>δεῶνος</em></strong></span> <span class='ocrx_word' id='word_1_106' title='bbox 251 1566 337 1642; x_wconf 86' lang='grc' dir='ltr'><strong><em>υίοῖς</em></strong></span> <span class='ocrx_word' id='word_1_107' title='bbox 363 1563 638 1652; x_wconf 80' lang='grc' dir='ltr'><strong><em>πεφονευμένοις)</em></strong></span> <span class='ocrx_word' id='word_1_108' title='bbox 669 1563 881 1643; x_wconf 81' lang='grc' dir='ltr'><strong><em>ἐξελαύνουσι</em></strong></span> <span class='ocrx_word' id='word_1_109' title='bbox 909 1566 968 1629; x_wconf 84' lang='grc' dir='ltr'><strong><em>τὸν</em></strong></span> <span class='ocrx_word' id='word_1_110' title='bbox 987 1560 1124 1650; x_wconf 86' lang='grc' dir='ltr'><strong><em>Ἀβιμέ-</em></strong></span> 
     </span>
     <span class='ocr_line' id='line_1_15' title="bbox 101 1666 1123 1757; baseline 0.002 -21"><span class='ocrx_word' id='word_1_111' title='bbox 101 1676 199 1756; x_wconf 92' lang='grc' dir='ltr'><strong><em>λεχον</em></strong></span> <span class='ocrx_word' id='word_1_112' title='bbox 228 1679 285 1754; x_wconf 85' lang='grc' dir='ltr'><strong><em>τής</em></strong></span> <span class='ocrx_word' id='word_1_113' title='bbox 312 1674 438 1748; x_wconf 89' lang='grc' dir='ltr'><strong><em>πόλεως</em></strong></span> <span class='ocrx_word' id='word_1_114' title='bbox 467 1670 522 1736; x_wconf 81' lang='grc' dir='ltr'><strong><em>καλ</em></strong></span> <span class='ocrx_word' id='word_1_115' title='bbox 551 1681 608 1754; x_wconf 79' lang='grc' dir='ltr'><strong><em>τῆς</em></strong></span> <span class='ocrx_word' id='word_1_116' title='bbox 634 1676 750 1755; x_wconf 84' lang='grc' dir='ltr'><strong><em>φνλής.</em></strong></span> <span class='ocrx_word' id='word_1_117' title='bbox 797 1671 814 1735; x_wconf 88' lang='grc' dir='ltr'>ὁ</span> <span class='ocrx_word' id='word_1_118' title='bbox 839 1666 876 1735; x_wconf 70' lang='grc' dir='ltr'><strong><em>δέ</em></strong></span> <span class='ocrx_word' id='word_1_119' title='bbox 898 1679 1026 1736; x_wconf 78' lang='grc' dir='ltr'><strong><em>κακοῦν</em></strong></span> <span class='ocrx_word' id='word_1_120' title='bbox 1059 1675 1123 1757; x_wconf 89' lang='grc' dir='ltr'><strong><em>τήν</em></strong></span> 
     </span>
     <span class='ocr_line' id='line_1_16' title="bbox 101 1773 1161 1863; baseline -0.004 -21"><span class='ocrx_word' id='word_1_121' title='bbox 101 1780 200 1842; x_wconf 92' lang='grc' dir='ltr'><strong><em>πόλιν</em></strong></span> <span class='ocrx_word' id='word_1_122' title='bbox 224 1776 424 1863; x_wconf 79' lang='grc' dir='ltr'><strong><em>ἐφρόντιζεν.</em></strong></span> <span class='ocrx_word' id='word_1_123' title='bbox 470 1786 527 1859; x_wconf 78' lang='grc' dir='ltr'><strong><em>τῆς</em></strong></span> <span class='ocrx_word' id='word_1_124' title='bbox 549 1773 579 1842; x_wconf 88' lang='grc' dir='ltr'><strong><em>δ’</em></strong></span> <span class='ocrx_word' id='word_1_125' title='bbox 603 1778 690 1862; x_wconf 80' lang='grc' dir='ltr'><strong><em>ὥρας</em></strong></span> <span class='ocrx_word' id='word_1_126' title='bbox 711 1784 768 1859; x_wconf 77' lang='grc' dir='ltr'><strong><em>τῆς</em></strong></span> <span class='ocrx_word' id='word_1_127' title='bbox 790 1785 850 1841; x_wconf 87' lang='grc' dir='ltr'><strong><em>τοῦ</em></strong></span> <span class='ocrx_word' id='word_1_128' title='bbox 872 1785 999 1860; x_wconf 77' lang='grc' dir='ltr'><strong><em>τρυγᾶν</em></strong></span> <span class='ocrx_word' id='word_1_129' title='bbox 1022 1801 1124 1860; x_wconf 89' lang='grc' dir='ltr'><strong><em>γενο-</em></strong></span> <span class='ocrx_word' id='word_1_130' title='bbox 1138 1796 1161 1838; x_wconf 81' lang='lat'><strong><em>15</em></strong></span> 
     </span>
     <span class='ocr_line' id='line_1_17' title="bbox 101 1879 1124 1968; baseline 0.005 -22"><span class='ocrx_word' id='word_1_131' title='bbox 101 1880 202 1966; x_wconf 80' lang='grc' dir='ltr'><strong><em>μένης</em></strong></span> <span class='ocrx_word' id='word_1_132' title='bbox 220 1881 373 1948; x_wconf 81' lang='grc' dir='ltr'><strong><em>ἐδέδισαν</em></strong></span> <span class='ocrx_word' id='word_1_133' title='bbox 392 1879 564 1965; x_wconf 76' lang='grc' dir='ltr'><strong><em>συλλέγειν</em></strong></span> <span class='ocrx_word' id='word_1_134' title='bbox 582 1884 641 1948; x_wconf 87' lang='grc' dir='ltr'><strong><em>τὸν</em></strong></span> <span class='ocrx_word' id='word_1_135' title='bbox 664 1884 792 1966; x_wconf 84' lang='grc' dir='ltr'><strong><em>καρπὸν</em></strong></span> <span class='ocrx_word' id='word_1_136' title='bbox 810 1884 994 1967; x_wconf 89' lang='grc' dir='ltr'><strong><em>προῖόντες,</em></strong></span> <span class='ocrx_word' id='word_1_137' title='bbox 1017 1887 1067 1968; x_wconf 89' lang='grc' dir='ltr'><strong><em>μή</em></strong></span> <span class='ocrx_word' id='word_1_138' title='bbox 1091 1909 1124 1951; x_wconf 94' lang='grc' dir='ltr'><strong><em>τι</em></strong></span> 
     </span>
     <span class='ocr_line' id='line_1_18' title="bbox 102 1985 1123 2074; baseline 0.003 -21"><span class='ocrx_word' id='word_1_139' title='bbox 102 1988 208 2074; x_wconf 79' lang='grc' dir='ltr'><strong><em>δράσῃ</em></strong></span> <span class='ocrx_word' id='word_1_140' title='bbox 231 1991 334 2054; x_wconf 91' lang='grc' dir='ltr'><strong><em>κακὸν</em></strong></span> <span class='ocrx_word' id='word_1_141' title='bbox 358 1987 478 2064; x_wconf 85' lang='grc' dir='ltr'><strong><em>αὐτοὺς</em></strong></span> <span class='ocrx_word' id='word_1_142' title='bbox 498 1985 713 2073; x_wconf 82' lang='grc' dir='ltr'><strong><em>Ἀβιμέλεχος.</em></strong></span> <span class='ocrx_word' id='word_1_143' title='bbox 759 1988 868 2070; x_wconf 78' lang='grc'>&lt;241&gt;</span> <span class='ocrx_word' id='word_1_144' title='bbox 892 1986 1123 2071; x_wconf 88' lang='grc' dir='ltr'><strong><em>ἐπιδημήσαν-</em></strong></span> 
     </span>
     <span class='ocr_line' id='line_1_19' title="bbox 101 2090 1122 2180; baseline 0.004 -22"><span class='ocrx_word' id='word_1_145' title='bbox 101 2116 157 2171; x_wconf 90' lang='grc' dir='ltr'><strong><em>τος</em></strong></span> <span class='ocrx_word' id='word_1_146' title='bbox 179 2090 217 2158; x_wconf 75' lang='grc' dir='ltr'><strong><em>δὲ</em></strong></span> <span class='ocrx_word' id='word_1_147' title='bbox 246 2098 328 2180; x_wconf 88' lang='grc' dir='ltr'><strong><em>πρὸς</em></strong></span> <span class='ocrx_word' id='word_1_148' title='bbox 350 2094 471 2171; x_wconf 85' lang='grc' dir='ltr'><strong><em>αὐτοὺς</em></strong></span> <span class='ocrx_word' id='word_1_149' title='bbox 497 2106 564 2161; x_wconf 91' lang='grc' dir='ltr'><strong><em>τῶν</em></strong></span> <span class='ocrx_word' id='word_1_150' title='bbox 587 2093 759 2180; x_wconf 82' lang='grc' dir='ltr'><strong><em>ἀρχόντων</em></strong></span> <span class='ocrx_word' id='word_1_151' title='bbox 781 2095 871 2169; x_wconf 87' lang='grc' dir='ltr'><strong><em>τινὸς</em></strong></span> <span class='ocrx_word' id='word_1_152' title='bbox 894 2092 1027 2158; x_wconf 89' lang='grc' dir='ltr'><strong><em>Γαάλου</em></strong></span> <span class='ocrx_word' id='word_1_153' title='bbox 1055 2099 1122 2162; x_wconf 85' lang='grc' dir='ltr'><strong><em>σὺν</em></strong></span> 
     </span>
     <span class='ocr_line' id='line_1_20' title="bbox 102 2200 1122 2285; baseline 0.001 -19"><span class='ocrx_word' id='word_1_154' title='bbox 102 2200 250 2279; x_wconf 84' lang='grc' dir='ltr'><strong><em>ὁπλίταις</em></strong></span> <span class='ocrx_word' id='word_1_155' title='bbox 271 2200 326 2266; x_wconf 83' lang='grc' dir='ltr'><strong><em>καὶ</em></strong></span> <span class='ocrx_word' id='word_1_156' title='bbox 351 2200 525 2284; x_wconf 86' lang='grc' dir='ltr'><strong><em>συγγενέσι</em></strong></span> <span class='ocrx_word' id='word_1_157' title='bbox 548 2212 618 2278; x_wconf 90' lang='grc' dir='ltr'><strong><em>τοῖς</em></strong></span> <span class='ocrx_word' id='word_1_158' title='bbox 640 2201 759 2285; x_wconf 88' lang='grc' dir='ltr'><strong><em>αὐτοῦ,</em></strong></span> <span class='ocrx_word' id='word_1_159' title='bbox 788 2200 942 2285; x_wconf 87' lang='grc' dir='ltr'><strong><em>φυλακήν</em></strong></span> <span class='ocrx_word' id='word_1_160' title='bbox 965 2200 1001 2263; x_wconf 90' lang='grc' dir='ltr'><strong><em>οί</em></strong></span> <span class='ocrx_word' id='word_1_161' title='bbox 1022 2204 1122 2266; x_wconf 89' lang='grc' dir='ltr'><strong><em>Σικι-</em></strong></span> 
     </span>
     <span class='ocr_line' id='line_1_21' title="bbox 100 2305 1161 2394; baseline -0.004 -24"><span class='ocrx_word' id='word_1_162' title='bbox 100 2317 192 2390; x_wconf 91' lang='grc' dir='ltr'><strong><em>μῖται</em></strong></span> <span class='ocrx_word' id='word_1_163' title='bbox 225 2305 357 2374; x_wconf 91' lang='grc' dir='ltr'><strong><em>δέονται</em></strong></span> <span class='ocrx_word' id='word_1_164' title='bbox 384 2319 565 2394; x_wconf 80' lang='grc' dir='ltr'><strong><em>παρασχεῖν</em></strong></span> <span class='ocrx_word' id='word_1_165' title='bbox 591 2308 724 2391; x_wconf 88' lang='grc' dir='ltr'><strong><em>αὐτοῖς,</em></strong></span> <span class='ocrx_word' id='word_1_166' title='bbox 757 2305 817 2382; x_wconf 78' lang='grc' dir='ltr'><strong><em>ἕως</em></strong></span> <span class='ocrx_word' id='word_1_167' title='bbox 844 2305 886 2370; x_wconf 88' lang='grc' dir='ltr'><strong><em>ἀν</em></strong></span> <span class='ocrx_word' id='word_1_168' title='bbox 915 2308 1121 2390; x_wconf 88' lang='grc' dir='ltr'><strong><em>τρυγήσωσι.</em></strong></span> <span class='ocrx_word' id='word_1_169' title='bbox 1136 2327 1161 2367; x_wconf 82' lang='grc' dir='ltr'><strong><em>εο</em></strong></span> 
     </span>
     <span class='ocr_line' id='line_1_22' title="bbox 100 2409 1121 2498; baseline 0.004 -22"><span class='ocrx_word' id='word_1_170' title='bbox 100 2410 369 2498; x_wconf 80' lang='grc' dir='ltr'><strong><em>προσδεξαμένου</em></strong></span> <span class='ocrx_word' id='word_1_171' title='bbox 397 2409 428 2477; x_wconf 84' lang='grc' dir='ltr'><strong><em>δ’</em></strong></span> <span class='ocrx_word' id='word_1_172' title='bbox 457 2412 586 2479; x_wconf 89' lang='grc' dir='ltr'><strong><em>ἐκείνου</em></strong></span> <span class='ocrx_word' id='word_1_173' title='bbox 613 2415 673 2497; x_wconf 89' lang='grc' dir='ltr'><strong><em>τήν</em></strong></span> <span class='ocrx_word' id='word_1_174' title='bbox 701 2411 837 2490; x_wconf 84' lang='grc' dir='ltr'><strong><em>ἀξίωσιν</em></strong></span> <span class='ocrx_word' id='word_1_175' title='bbox 860 2418 1029 2496; x_wconf 74' lang='grc' dir='ltr'><strong><em>προῇσαν,</em></strong></span> <span class='ocrx_word' id='word_1_176' title='bbox 1062 2413 1121 2480; x_wconf 87' lang='grc' dir='ltr'><strong><em>καὶ</em></strong></span> 
     </span>
     <span class='ocr_line' id='line_1_23' title="bbox 100 2515 1119 2602; baseline 0.002 -20"><span class='ocrx_word' id='word_1_177' title='bbox 100 2515 233 2600; x_wconf 82' lang='grc' dir='ltr'><strong><em>Γαάλης</em></strong></span> <span class='ocrx_word' id='word_1_178' title='bbox 252 2520 315 2582; x_wconf 88' lang='grc' dir='ltr'><strong><em>σὺν</em></strong></span> <span class='ocrx_word' id='word_1_179' title='bbox 334 2517 458 2602; x_wconf 86' lang='grc' dir='ltr'><strong><em>αὐτοῖς,</em></strong></span> <span class='ocrx_word' id='word_1_180' title='bbox 476 2521 513 2584; x_wconf 91' lang='grc' dir='ltr'><strong><em>τὸ</em></strong></span> <span class='ocrx_word' id='word_1_181' title='bbox 533 2521 656 2584; x_wconf 84' lang='grc' dir='ltr'><strong><em>οἰκεῖον</em></strong></span> <span class='ocrx_word' id='word_1_182' title='bbox 675 2520 765 2601; x_wconf 90' lang='grc' dir='ltr'><strong><em>ἀγων</em></strong></span> <span class='ocrx_word' id='word_1_183' title='bbox 785 2518 962 2584; x_wconf 89' lang='grc' dir='ltr'><strong><em>ὁπλιτικόν.</em></strong></span> <span class='ocrx_word' id='word_1_184' title='bbox 1004 2517 1119 2602; x_wconf 78' lang='grc'>&lt;242&gt;</span> 
     </span>
    </p>

    <p class='ocr_par' dir='ltr' id='par_1_4' title="bbox 66 2617 1160 3132">
     <span class='ocr_line' id='line_1_24' title="bbox 66 2617 1119 2719; baseline 0.004 -33"><span class='ocrx_word' id='word_1_185' title='bbox 66 2623 120 2686; x_wconf 83' lang='grc' dir='ltr'><strong><em>3ὅ</em></strong></span> <span class='ocrx_word' id='word_1_186' title='bbox 145 2620 173 2685; x_wconf 88' lang='grc' dir='ltr'><strong><em>τ’</em></strong></span> <span class='ocrx_word' id='word_1_187' title='bbox 201 2617 262 2686; x_wconf 84' lang='grc' dir='ltr'><strong><em>οὖν</em></strong></span> <span class='ocrx_word' id='word_1_188' title='bbox 290 2626 414 2708; x_wconf 88' lang='grc' dir='ltr'><strong><em>καρπὸς</em></strong></span> <span class='ocrx_word' id='word_1_189' title='bbox 443 2621 511 2706; x_wconf 86' lang='grc' dir='ltr'><strong><em>μετ’</em></strong></span> <span class='ocrx_word' id='word_1_190' title='bbox 540 2623 719 2709; x_wconf 91' lang='grc' dir='ltr'><strong><em>ἀσφαλείας</em></strong></span> <span class='ocrx_word' id='word_1_191' title='bbox 746 2623 941 2719; x_wconf 78' lang='grc' dir='ltr'><strong><em>συνάγεται,</em></strong></span> <span class='ocrx_word' id='word_1_192' title='bbox 971 2620 1027 2686; x_wconf 86' lang='grc' dir='ltr'><strong><em>καὶ</em></strong></span> <span class='ocrx_word' id='word_1_193' title='bbox 1050 2625 1119 2690; x_wconf 88' lang='grc' dir='ltr'><strong><em>δει-</em></strong></span> 
     </span>
     <span class='ocr_line' id='line_1_25' title="bbox 99 2727 1117 2815; baseline 0.003 -24"><span class='ocrx_word' id='word_1_194' title='bbox 99 2735 261 2802; x_wconf 85' lang='grc' dir='ltr'><strong><em>πνοῦντες</em></strong></span> <span class='ocrx_word' id='word_1_195' title='bbox 293 2729 378 2792; x_wconf 75' lang='grc' dir='ltr'><strong><em>κατά·</em></strong></span> <span class='ocrx_word' id='word_1_196' title='bbox 408 2732 593 2814; x_wconf 91' lang='grc' dir='ltr'><strong><em>συμμορίας</em></strong></span> <span class='ocrx_word' id='word_1_197' title='bbox 630 2738 782 2813; x_wconf 88' lang='grc' dir='ltr'><strong><em>φανερῶς</em></strong></span> <span class='ocrx_word' id='word_1_198' title='bbox 819 2727 1012 2812; x_wconf 82' lang='grc' dir='ltr'><strong><em>ἀπετόλμων</em></strong></span> <span class='ocrx_word' id='word_1_199' title='bbox 1049 2731 1117 2815; x_wconf 91' lang='grc' dir='ltr'><strong><em>ήδη</em></strong></span> 
     </span>
     <span class='ocr_line' id='line_1_26' title="bbox 100 2829 1160 2921; baseline -0.003 -22"><span class='ocrx_word' id='word_1_200' title='bbox 100 2838 309 2919; x_wconf 83' lang='grc' dir='ltr'><strong><em>βλασφημεῖν</em></strong></span> <span class='ocrx_word' id='word_1_201' title='bbox 330 2837 389 2900; x_wconf 92' lang='grc' dir='ltr'><strong><em>τὸν</em></strong></span> <span class='ocrx_word' id='word_1_202' title='bbox 414 2829 642 2919; x_wconf 89' lang='grc' dir='ltr'><strong><em>Ἀβιμέλεχον,</em></strong></span> <span class='ocrx_word' id='word_1_203' title='bbox 671 2830 754 2899; x_wconf 80' lang='grc' dir='ltr'><strong><em>οἵτ’</em></strong></span> <span class='ocrx_word' id='word_1_204' title='bbox 783 2835 940 2919; x_wconf 90' lang='grc' dir='ltr'><strong><em>ἀρχοντες</em></strong></span> <span class='ocrx_word' id='word_1_205' title='bbox 966 2832 1120 2921; x_wconf 81' lang='grc' dir='ltr'><strong><em>ἐνέδραις</em></strong></span> <span class='ocrx_word' id='word_1_206' title='bbox 1133 2855 1160 2897; x_wconf 80' lang='lat'><strong><em>25</em></strong></span> 
     </span>
     <span class='ocr_line' id='line_1_27' title="bbox 100 2936 1119 3026; baseline 0.003 -22"><span class='ocrx_word' id='word_1_207' title='bbox 100 2943 429 3026; x_wconf 88' lang='grc' dir='ltr'><strong><em>καταλαμβανόμενοι</em></strong></span> <span class='ocrx_word' id='word_1_208' title='bbox 442 2940 482 3004; x_wconf 89' lang='grc' dir='ltr'><strong><em>τά</em></strong></span> <span class='ocrx_word' id='word_1_209' title='bbox 495 2937 571 3026; x_wconf 81' lang='grc' dir='ltr'><strong><em>περὶ</em></strong></span> <span class='ocrx_word' id='word_1_210' title='bbox 586 2941 647 3023; x_wconf 85' lang='grc' dir='ltr'><strong><em>τήν</em></strong></span> <span class='ocrx_word' id='word_1_211' title='bbox 663 2943 774 3024; x_wconf 92' lang='grc' dir='ltr'><strong><em>πόλιν,</em></strong></span> <span class='ocrx_word' id='word_1_212' title='bbox 793 2943 937 3017; x_wconf 86' lang='grc' dir='ltr'><strong><em>πολλοὺς</em></strong></span> <span class='ocrx_word' id='word_1_213' title='bbox 950 2951 1017 3005; x_wconf 91' lang='grc' dir='ltr'><strong><em>τῶν</em></strong></span> <span class='ocrx_word' id='word_1_214' title='bbox 1028 2936 1119 3025; x_wconf 85' lang='grc' dir='ltr'><strong><em>Ἀβι-</em></strong></span> 
     </span>
     <span class='ocr_line' id='line_1_28' title="bbox 100 3044 778 3132; baseline 0.004 -23"><span class='ocrx_word' id='word_1_215' title='bbox 100 3044 239 3131; x_wconf 89' lang='grc' dir='ltr'><strong><em>μελέχου</em></strong></span> <span class='ocrx_word' id='word_1_216' title='bbox 264 3047 551 3131; x_wconf 88' lang='grc' dir='ltr'><strong><em>συλλαμβάνοντες</em></strong></span> <span class='ocrx_word' id='word_1_217' title='bbox 573 3045 778 3132; x_wconf 91' lang='grc' dir='ltr'><strong><em>διέφθειρον.</em></strong></span> 
     </span>
    </p>

    <p class='ocr_par' dir='ltr' id='par_1_5' title="bbox 65 3151 1158 3450">
     <span class='ocr_line' id='line_1_29' title="bbox 65 3151 1118 3238; baseline 0.005 -25"><span class='ocrx_word' id='word_1_218' title='bbox 65 3160 83 3208; x_wconf 88' lang='grc'>4</span> <span class='ocrx_word' id='word_1_219' title='bbox 171 3152 279 3235; x_wconf 79' lang='grc'>&lt;243&gt;</span> <span class='ocrx_word' id='word_1_220' title='bbox 305 3151 471 3238; x_wconf 90' lang='grc' dir='ltr'><strong><em>Ζέβονλος</em></strong></span> <span class='ocrx_word' id='word_1_221' title='bbox 495 3151 534 3219; x_wconf 91' lang='grc' dir='ltr'><strong><em>δέ</em></strong></span> <span class='ocrx_word' id='word_1_222' title='bbox 547 3177 602 3231; x_wconf 81' lang='grc' dir='ltr'><strong><em>,τις</em></strong></span> <span class='ocrx_word' id='word_1_223' title='bbox 624 3165 691 3218; x_wconf 85' lang='grc' dir='ltr'><strong><em>τῶν</em></strong></span> <span class='ocrx_word' id='word_1_224' title='bbox 714 3158 896 3238; x_wconf 88' lang='grc' dir='ltr'><strong><em>Σικιμιτῶν</em></strong></span> <span class='ocrx_word' id='word_1_225' title='bbox 919 3155 1043 3238; x_wconf 90' lang='grc' dir='ltr'><strong><em>ἀρχων,</em></strong></span> <span class='ocrx_word' id='word_1_226' title='bbox 1067 3152 1118 3231; x_wconf 83' lang='grc' dir='ltr'><strong><em>ξέ-</em></strong></span> 
     </span>
     <span class='ocr_line' id='line_1_30' title="bbox 100 3254 1117 3344; baseline 0.002 -24"><span class='ocrx_word' id='word_1_227' title='bbox 100 3279 158 3331; x_wconf 88' lang='grc' dir='ltr'><strong><em>νος</em></strong></span> <span class='ocrx_word' id='word_1_228' title='bbox 177 3255 224 3320; x_wconf 78' lang='grc' dir='ltr'><strong><em>ὢν</em></strong></span> <span class='ocrx_word' id='word_1_229' title='bbox 240 3254 462 3341; x_wconf 87' lang='grc' dir='ltr'><strong><em>Ἀβιμελέχου,</em></strong></span> <span class='ocrx_word' id='word_1_230' title='bbox 481 3257 543 3322; x_wconf 87' lang='grc' dir='ltr'><strong><em>ὅσα</em></strong></span> <span class='ocrx_word' id='word_1_231' title='bbox 558 3258 754 3344; x_wconf 87' lang='grc' dir='ltr'><strong><em>παροξόνειε</em></strong></span> <span class='ocrx_word' id='word_1_232' title='bbox 769 3259 801 3322; x_wconf 89' lang='grc' dir='ltr'>Γ</span> <span class='ocrx_word' id='word_1_233' title='bbox 798 3257 900 3340; x_wconf 92' lang='grc' dir='ltr'><strong><em>αάλης</em></strong></span> <span class='ocrx_word' id='word_1_234' title='bbox 917 3259 976 3322; x_wconf 88' lang='grc' dir='ltr'><strong><em>τὸν</em></strong></span> <span class='ocrx_word' id='word_1_235' title='bbox 996 3258 1117 3343; x_wconf 79' lang='grc' dir='ltr'><strong><em>δῆμον,</em></strong></span> 
     </span>
     <span class='ocr_line' id='line_1_31' title="bbox 100 3359 1158 3450; baseline -0.003 -24"><span class='ocrx_word' id='word_1_236' title='bbox 100 3359 238 3445; x_wconf 85' lang='grc' dir='ltr'><strong><em>πέμπων</em></strong></span> <span class='ocrx_word' id='word_1_237' title='bbox 265 3360 426 3445; x_wconf 90' lang='grc' dir='ltr'><strong><em>ἀγγέλους</em></strong></span> <span class='ocrx_word' id='word_1_238' title='bbox 453 3361 595 3448; x_wconf 77' lang='grc' dir='ltr'><strong><em>ἐμήνυεν</em></strong></span> <span class='ocrx_word' id='word_1_239' title='bbox 623 3362 731 3450; x_wconf 73' lang='grc' dir='ltr'><strong><em>αὐτῷ,</em></strong></span> <span class='ocrx_word' id='word_1_240' title='bbox 762 3361 816 3428; x_wconf 84' lang='grc' dir='ltr'><strong><em>καὶ</em></strong></span> <span class='ocrx_word' id='word_1_241' title='bbox 844 3359 984 3449; x_wconf 84' lang='grc' dir='ltr'><strong><em>παρήνει</em></strong></span> <span class='ocrx_word' id='word_1_242' title='bbox 1012 3369 1116 3450; x_wconf 85' lang='grc' dir='ltr'><strong><em>λοχᾶν</em></strong></span> <span class='ocrx_word' id='word_1_243' title='bbox 1131 3383 1158 3424; x_wconf 86' lang='grc' dir='ltr'><strong><em>ω</em></strong></span> 
     </span>
    </p>

    <p class='ocr_par' dir='ltr' id='par_1_6' title="bbox 173 3483 528 3548">
     <span class='ocr_line' id='line_1_32' title="bbox 173 3483 528 3548; baseline 0.003 -12"><span class='ocrx_word' id='word_1_244' title='bbox 173 3483 408 3548; x_wconf 68' lang='lat' dir='ltr'><strong>§239=1udic.</strong></span> <span class='ocrx_word' id='word_1_245' title='bbox 427 3484 465 3537; x_wconf 87' lang='lat' dir='ltr'><strong><em>IX</em></strong></span> <span class='ocrx_word' id='word_1_246' title='bbox 488 3490 528 3538; x_wconf 86' lang='grc'><strong><em>16.</em></strong></span> 
     </span>
    </p>
   </div>
   <div class='ocr_carea' id='block_1_4' title="bbox 0 0 1239 3848">
    <p class='ocr_par' dir='ltr' id='par_1_7' title="bbox 0 0 1239 3848">
     <span class='ocr_line' id='line_1_33' title="bbox 0 0 1239 3848; baseline 0 0"><span class='ocrx_word' id='word_1_247' title='bbox 0 0 1239 3848; x_wconf 95' lang='lat' dir='ltr'><strong><em> </em></strong></span> 
     </span>
    </p>
   </div>
  </div>
 </body>
</html>
