2460 3848
75 162 140 230 198
444 168 718 220 APxAIOAomz

72 325 308 413 πληξαμένοις,
335 326 419 392 ἀλλὰ
445 338 515 404 τοϊς
542 325 595 393 ἐπὶ
625 330 687 413 τήν
709 329 925 412 εὐδαιμονίαν
950 328 1007 395 καλ
1032 332 1095 414 τήν

72 442 190 517 κτῆσιν
212 434 333 510 αὑτοὺς
359 443 427 498 τῶν
454 430 594 516 ἀγαθῶν
618 446 847 520 παρορμῶσιν·
876 436 987 519 <309>
1016 438 1094 503 οὑτε

72 541 137 631 γάρ
154 551 222 606 τῶν
239 539 329 625 ὀρῶν
348 541 385 605 τὸ
404 537 545 623 μέγεθος
563 541 639 606 οὔτε
659 552 726 607 τῶν
743 552 899 625 ποταμῶν
921 545 959 608 τὸ
983 544 1096 626 βάθος

71 656 141 722 τοῖς
159 644 279 732 ἀρετήν
296 644 476 730 ἠσκηκόσιν
496 645 650 730 ἐμποδὼν
670 651 850 732 στήσεσθαι
868 649 952 732 πρὸς
974 643 1095 736 τᾶργα,

71 747 126 815 καλ
158 759 261 816 ταῦτα
276 760 347 837 ,τοῦ
378 758 464 817 θεοῦ
492 753 842 838 συμπροθυμουμένου
865 752 920 819 καλ
944 754 1118 843 ὑπερμαῡ

70 863 210 942 χοῦντος
233 855 351 923 αὐτῶν.
398 857 517 942 (ἴωμεν
540 853 619 924 οὖν’
643 862 770 945 ἔφασαν
799 859 869 926 (έπλ
891 864 970 938 τοὺς
992 869 1094 929 πολε-

71 964 179 1046 μίους,
202 959 307 1046 μηδὲν
331 966 461 1050 ἔχοντες
479 961 526 1029 δι’
548 965 703 1050 ὑποψίας,
727 966 865 1051 ἡγεμόνι
889 989 923 1031 τε
947 975 993 1055 τῷ
1020 976 1092 1058 θεῷ

70 1072 320 1146 πεπιστευκότες
332 1067 388 1135 καὶ
403 1070 585 1154 ὁδηγοῦσιν
602 1072 682 1155 ήμίν
702 1069 881 1157 έπόμενοι.’
910 1073 1021 1158 (310)
1037 1075 1094 1142 καὶ

71 1177 107 1240 ολ
123 1170 184 1259 μὲν
202 1185 304 1242 ταῦτα
322 1173 474 1260 λέγοντες
488 1176 680 1263 ἐπεχείρουν
698 1179 759 1262 τήν
779 1178 883 1265 ὀργῆν
901 1182 1094 1268 καταπραΰ-

71 1305 144 1349 νειν
166 1291 227 1348 τοῦ
248 1286 416 1368 πλήθους,
443 1287 593 1368 Μωυσῆς
620 1280 657 1349 δέ
683 1282 739 1349 καὶ
760 1281 904 1369 Ἀαρών,
929 1289 1092 1366 πεσόντες
1106 1302 1129 1341 1⁰

71 1387 126 1455 ἐπὶ
148 1390 209 1473 τήν
232 1397 307 1473 γῆν,
329 1391 388 1456 τὸν
409 1393 493 1456 θεὸν
518 1388 664 1456 ἱκέτευον
688 1390 749 1475 οὐχ
772 1387 855 1476 ὑπὲρ
878 1399 935 1474 τῆς
960 1389 1092 1460 ἑαυτῶν

71 1498 252 1582 σωτηρίας,
284 1492 356 1560 ἀλλ’
385 1495 472 1573 ὅπως
498 1504 555 1579 τῆς
583 1495 728 1580 ἀμαθίας
754 1498 864 1583 παύση
893 1499 931 1563 τὸ
956 1503 1093 1583 πλῆθος

70 1599 126 1666 καλ
144 1603 328 1687 καταστήσῃ
347 1603 409 1685 τήν
428 1602 581 1668 διάνοιαν
600 1602 722 1687 αὑτῶν,
744 1601 809 1668 ὑπὸ
828 1611 885 1685 τῆς
903 1602 1093 1690 ἀμηχανίας

70 1717 131 1774 τοῦ
153 1708 380 1794 παραστάντος
398 1708 511 1785 αὑτοίς
533 1708 664 1785 πάθους
687 1706 940 1794 τεταραγμένην.
977 1721 1092 1798 παρῆν

70 1810 102 1879 θ’
125 1812 285 1900 ῆνεφέλη
308 1812 364 1879 καλ
382 1823 485 1880 στᾶσα
504 1808 586 1900 ὑπὲρ
610 1816 670 1899 τήν
694 1816 820 1899 σκηνήν
844 1814 1001 1901 ἐσήμαινε
1025 1821 1090 1904 τήν
1105 1831 1128 1872 15

33 1916 58 1983 ,5
69 1917 267 2006 ἐπιφάνειαν
297 1930 357 1986 τοῦ
388 1927 481 1986 θεοῦ.
528 1921 637 2003 <311>
665 1924 815 2004 Μωυσῆς
847 1918 884 1986 ὑλ
915 1927 1093 2009 θαρρήσας

70 2027 224 2113 πάρεισιν
238 2027 286 2103 εἰς
299 2029 336 2092 τὸ
350 2031 492 2110 πλῆθος,
514 2025 570 2092 καὶ
587 2029 744 2092 τὸνθεόν
764 2025 886 2111 ἐδήλου
904 2028 1091 2113 κινηθέντα

70 2131 136 2199 ὑπὸ
159 2141 216 2217 τῆς
237 2133 366 2219 ὑβρεως
389 2134 500 2200 αὐτῶν
518 2136 684 2217 λήψεσθαι
708 2138 881 2219 τιμωρίαν,
905 2134 966 2200 οὐκ
990 2134 1090 2213 ἀξίαν

71 2234 133 2322 μὲν
155 2249 223 2304 τῶν
247 2237 536 2326 ἐξημαρτημένων,
560 2242 635 2306 οίαν
659 2237 688 2305 δ’
717 2241 752 2306 οί
771 2239 907 2325 πατέρες
930 2238 984 2305 έπλ
1007 2267 1090 2308 νου-

69 2349 171 2433 θεσίᾳ
188 2356 257 2422 τοῖς
275 2345 402 2423 τέκνοις
421 2345 623 2431 ἐπιφέρουσι.
670 2347 779 2430 <312>
796 2349 999 2430 παρελθόντι
1023 2350 1089 2433 γάρ
1104 2363 1129 2402 2⁰

70 2451 119 2527 είς
140 2452 202 2535 τήν
225 2453 351 2535 σκηνήν
375 2452 462 2539 αὐτῷ
486 2449 541 2517 καλ
563 2450 639 2537 περὶ
661 2460 718 2534 τῆς
741 2454 923 2537 μελλούσης
945 2449 1001 2516 ὑπ’
1030 2455 1091 2519 αὑ-

70 2565 138 2621 τῶν
161 2556 323 2633 ἀπωλείας
346 2555 596 2645 ἀποκλαιομένῳ
624 2560 684 2623 τὸν
706 2561 789 2624 θεὸν
813 2557 1001 2644 ὑπομνῆσαι
1024 2556 1089 2644 μέν

71 2659 134 2727 ὅσα
156 2665 322 2740 παθόντες
345 2662 377 2740 ἐξ
401 2663 504 2729 αὑτοῦ
526 2661 582 2728 καλ
600 2667 748 2747 πηλίκων
766 2665 964 2750 εὐεργεσιῶν
988 2688 1088 2749 μετα-

71 2771 232 2854 λαβόντες
259 2767 428 2855 ἀχάριστοι
455 2772 538 2854 πρὸς
566 2769 667 2836 αὑτὸν
695 2768 863 2856 γένοιντο,
891 2771 941 2837 ὅτι
963 2793 998 2836 τε
1021 2783 1091 2838 νῦν

73 2883 113 2960 τῆ
140 2886 207 2941 τῶν
234 2879 451 2942 κατασκόπων
477 2873 681 2962 ὑπαχθέντες
708 2878 815 2965 θειλίμ
844 2880 922 2954 τοὺς
950 2876 1090 2945 ἐκείνων
1104 2895 1130 2935 2⁵

74 2983 195 3064 λόγους
225 2980 467 3066 ἀληθεστέρους
498 2991 554 3066 τῆς
583 2980 790 3068 ὑποσχέσεως
821 2983 1000 3068 ἡγήσαιντο
1030 2995 1091 3069 τῆς

74 3086 192 3154 αὐτοῦ·
228 3088 336 3171 <313>
358 3087 413 3154 καλ
430 3080 492 3154 ’διά
519 3090 641 3172 ταύτην
671 3091 731 3173 τήν
755 3091 863 3154 αίτίαν
887 3091 948 3155 οὐκ
971 3089 1093 3156 ἀπολεῖ

72 3188 135 3275 μέν
158 3195 302 3271 ἅπαντας
324 3189 397 3259 οὐδ’
425 3192 614 3278 έξαφανίσει
636 3198 673 3261 τὸ
696 3195 792 3278 γένος
814 3196 941 3279 αὐτῶν,
964 3195 982 3262 ὃ
1004 3197 1091 3262 πάν-

73 3319 142 3363 των
159 3305 287 3383 μᾶλλον
305 3300 496 3385 ἀνθρώπων
516 3303 588 3386 ἔσχε
604 3301 659 3366 διά
678 3310 784 3385 τιμῆς·
809 3304 870 3386 τήν
893 3300 1005 3386 μέντοι
1021 3307 1090 3368 Χα-

66 3407 216 3472 ναναίαν
239 3407 281 3474 οὑ
299 3404 452 3494 παρέξειν
471 3415 534 3490 γῆν
558 3407 670 3483 αὑτοῖς
692 3410 818 3491 λαβεῖν,
842 3404 921 3473 οὐδὲ
944 3410 1005 3492 τήν
1029 3407 1085 3475 ἀπ’
1103 3426 1130 3467 ³0

123 3532 143 3593 ἕ
162 3535 220 3588 309
235 3559 273 3581 -
287 3532 375 3592 Num.
394 3529 461 3589 XIV
481 3536 507 3590 8.
