2460 3848
126 173 169 239 70
423 174 698 226 ΑΡΧΑΙΟΛΟΓΙΔΣ
717 174 844 226 ΠΡΩΤΗ

123 360 157 401 τε
189 336 391 403 τούντεῦθεν
424 335 460 400 έν
493 338 663 419 Βηθήλοις
690 337 813 418 ἔθυεν,
850 335 934 400 ὅπου
964 335 1142 420 τοῦνειρον

124 442 284 508 ἐθεάσατο
307 453 425 528 χωρῶν
448 444 609 527 πρότερον
633 439 686 506 ἐπὶ
709 452 765 527 τής
787 444 1053 523 Μεσοποταμίας.

89 566 105 614 3
193 550 303 631 <343>
323 543 539 612 ἐντεῦθενδὲ
557 546 684 632 προϊὼν
704 545 773 612 ἐπεὶ
791 548 873 612 κατά
891 549 952 629 τήν
972 544 1142 633 Ἐφραθά-

123 677 187 737 νην
219 657 366 737 γίνεται,
396 652 517 718 ἐνθάδε
543 650 702 737 Ῥαχήλαν
732 652 768 718 ἐκ
800 663 935 719 τοκετοῦ
964 659 1142 719 θανοῦσαν

123 759 263 842 θάπτει,
296 763 404 843 μόνην
431 770 498 824 τῶν
526 770 698 841 συγγενῶν
725 769 781 842 τής
811 759 848 824 έν
873 763 1023 844 Χεβρῶνι
1046 769 1172 843 τιμήςε

125 866 166 930 οὐ
184 874 360 951 τυχοῦσαν.
405 867 574 948 πενθήσας
593 861 630 930 δὲ
650 866 808 949 μεγάλως,
831 867 868 931 τὸ
888 863 920 942 ἐξ
945 865 1045 947 αὐτῆς
1066 886 1144 929 παι-

125 974 200 1037 δίον
223 969 384 1055 Βενιαμὶν
409 971 541 1037 ἐκάλεσε
572 972 628 1035 διά
660 974 721 1055 τήν
754 969 803 1036 ἐπ’
836 971 925 1059 αὐτῷ
956 969 1143 1054 γενομένην

124 1077 252 1160 ὀδύνην
283 1085 322 1160 τῇ
355 1080 461 1161 μητρί.
508 1077 617 1161 <344>
651 1072 744 1141 οὗτοι
773 1074 931 1160 Ἰακώβου
963 1078 1079 1152 παῖδες
1111 1077 1147 1142 οί

124 1183 261 1265 πάντες,
288 1183 424 1268 άρρενες
451 1179 512 1266 μέν
541 1183 670 1248 δώδεκα
697 1185 816 1266 θήλεια
840 1178 877 1246 δὲ
901 1186 968 1266 μία.
1014 1182 1143 1247 τούτων

126 1289 210 1355 ὀκτὼ
243 1289 395 1372 γνήσιοι,
428 1289 463 1354 ἐκ
490 1292 591 1365 Λείας
614 1285 675 1372 μὲν
698 1287 748 1371 ἐξ,
777 1290 839 1353 δύο
863 1286 893 1352 δ’
921 1288 957 1353 ἐκ
976 1287 1144 1372 Ῥαχήλας,
1160 1307 1186 1346 10

125 1393 274 1480 τέτταρες
306 1393 335 1460 δ’
364 1395 400 1460 έκ
429 1406 496 1460 τῶν
522 1397 794 1480 θεραπαινίδων,
823 1397 884 1460 δύο
914 1394 946 1472 ἐξ
979 1391 1144 1479 ἑκατέρας,

126 1493 174 1564 ὧν
196 1498 252 1565 καὶ
274 1501 314 1565 τά
338 1500 483 1584 ὀνόματα
506 1503 640 1566 πάντων
662 1512 832 1587 προεῖπον.

72 1609 116 1674 22
194 1607 303 1691 <345>
331 1616 440 1692 πυρήν
469 1605 499 1672 δ’
533 1607 691 1673 ἐντεῦθεν
720 1605 772 1672 ἐπὶ
797 1610 956 1693 Χεβρῶνα
983 1609 1082 1671 πόλιν
1107 1605 1145 1671 ἐν

127 1717 328 1788 Χαναναίοις
345 1712 513 1798 κειμένην·
538 1713 607 1778 ἐκεῖ
624 1709 660 1778 δὲ
678 1711 805 1790 Ἴσακος
827 1714 888 1796 τήν
912 1714 1043 1777 δίαιταν
1066 1707 1144 1796 εἶχε.

125 1819 181 1884 καὶ
203 1817 326 1904 βραχέα
350 1816 410 1903 μὲν
429 1819 583 1903 άλλήλοις
603 1823 888 1906 συνδιατρίβουσι·
912 1820 973 1902 τήν
997 1818 1059 1903 γάρ
1078 1815 1145 1882 Ῥε-
1160 1836 1186 1876 15

126 1925 247 2010 βέκκαν
272 1923 426 2010 Ἰάκωβος
457 1927 497 1991 οὐ
528 1924 685 2019 κατέλαβε
714 1929 833 2004 ζῶσαν·
864 1927 1004 2008 θνήσκει
1028 1920 1065 1987 δὲ
1088 1923 1144 1988 καὶ

118 2029 248 2109 Ἴσακος
271 2029 340 2116 μετ’
363 2032 403 2097 οὐ
428 2035 514 2097 πολὺ
533 2041 590 2115 τής
612 2031 755 2116 ἀφίξεως
772 2041 832 2095 τοῦ
849 2032 939 2113 υίοῦ,
962 2028 1016 2095 καὶ
1039 2040 1147 2114 ταφῆς

128 2141 242 2223 έτυχεν
270 2139 335 2204 ὑπὸ
362 2150 429 2204 τῶν
456 2140 585 2203 παίδων
614 2141 678 2202 σὺν
701 2146 739 2221 τή
763 2135 896 2219 γυναικὶ
920 2135 956 2200 ε’ν
981 2139 1146 2220 Χεβρῶνι,

128 2250 290 2329 μνημείου
331 2254 534 2327 προγονικοῦ
576 2243 612 2308 ἐν
644 2243 726 2328 αὐτῇ
759 2243 981 2327 τυγχάνοντος
1023 2241 1146 2319 αὐτοῖς.

128 2352 236 2435 <346>
261 2349 391 2433 ἐγένετο
415 2346 445 2413 δ’
473 2348 637 2424 δ”Ισακος
664 2348 748 2434 άνήρ
776 2351 955 2432 θεοφιλής,
987 2345 1041 2412 καὶ
1065 2368 1147 2432 προ-
1162 2367 1189 2406 εο

128 2460 222 2531 νοίας
247 2460 378 2537 πολλής
396 2452 577 2536 ήξιωμένος
603 2454 668 2519 ὑπὸ
695 2464 755 2520 τοῦ
777 2461 862 2519 θεοῦ
886 2449 953 2537 μετ’
973 2451 1148 2536 ’Ἅβραμον

128 2563 187 2626 τὸν
201 2559 335 2643 πατέρα,
358 2560 662 2646 πολυχρονιώτερος
681 2558 730 2625 δέ·
750 2563 873 2644 βιώσας
891 2561 954 2644 γὰρ
974 2561 1027 2640 έτη
1048 2555 1148 2623 πέντε

129 2665 184 2732 καὶ
216 2666 421 2750 ὀγδοήκοντα
448 2668 531 2750 πρὸς
557 2678 626 2743 τοῖς
654 2664 772 2732 ἑκατὸν
799 2664 867 2750 μετ’
902 2665 1018 2750 άρετής
1042 2663 1150 2741 οὕτως

130 2771 285 2839 άπέθανε.

201 2920 216 2977 ξ
237 2919 288 2968 343
304 2939 337 2958 ==
352 2911 420 2968 Gen.
439 2912 541 2966 XXXV
561 2918 602 2967 16.
