2460 3848
128 153 194 218 318
342 176 349 192 ·
498 155 772 207 Apmvomn

76 331 109 380 13
196 316 306 399 <271>
329 319 585 399 τελευτήσαντος
611 310 649 379 δὲ
669 313 805 400 Ἰεφθοῦ
833 315 896 399 τῆν
918 313 1024 399 άρχῆν
1046 311 1152 392 Ἀψά-

125 445 186 505 νης
212 422 482 507 παραλαμβάνει,
512 425 620 504 φυλῆς
648 421 696 486 ὢν
715 417 843 504 Ἰούδα,
872 417 1082 504 Βηθλεέμων
1110 417 1152 485 δέ

125 531 262 605 πόλεως.
306 527 413 614 τούτῳ
441 521 479 591 δὲ
506 527 621 602 παῖδες
648 520 734 609 ῆσαν
762 523 935 609 ἑξήκοντα,
964 526 1150 611 τριάκοντα

126 629 189 717 μέν
210 634 346 719 ἄρρενες
373 632 411 695 αί
437 630 549 697 λοιπαί
573 626 610 696 δέ
632 629 831 717 θυγατέρες,
858 631 918 708 οὓς
938 629 995 696 καὶ
1017 633 1150 710 πάντας

129 742 249 817 ζῶντας
276 735 449 820 κατέλιπε,
476 738 534 814 τὰς
560 733 622 821 μὲν
649 736 813 823 ἀνδράσιν
839 735 979 820 έκδούς,
1006 749 1080 815 τοῖς
1111 735 1173 803 δὲι

126 855 286 927 γυναῖκας
303 840 455 927 ἠγμένος.
500 843 625 930 πράξας
643 840 674 907 δ’
698 839 799 908 οὐδὲν
818 842 855 908 έν
873 852 919 931 τῷ
943 840 1071 908 έπτέτει
1095 867 1148 927 γε-

126 950 234 1034 γονὼς
265 950 375 1037 χρόνφ
407 952 510 1033 λόγου
540 948 595 1013 καί
628 952 758 1033 μνῆμης
784 948 897 1033 άξιον,
929 951 1070 1035 γηραιὸς
1100 951 1148 1016 ὢν

127 1053 286 1138 ἀπέθανε,
307 1053 363 1120 καὶ
385 1065 491 1141 ταφῆς
514 1055 551 1121 έν
573 1063 612 1139 τῆ
635 1056 769 1141 πατρίδι
792 1056 956 1141 τυγχάνει.

76 1176 110 1226 14
195 1161 305 1245 <272>
325 1157 538 1238 Ἀψάνουςδ
562 1160 667 1237 οὕτως
684 1160 916 1237 ἀποθανόντος
934 1157 1008 1226 οὐδ’
1030 1161 1051 1227 δ
1071 1159 1145 1246 μετ’

127 1266 229 1332 αὐτὸν
252 1267 453 1352 παραλαβὼν
476 1266 537 1350 τῆν
559 1265 741 1349 ἡγεμονίαν
754 1263 882 1349 Ἤλων,
905 1261 955 1330 ἐπ’
983 1267 1039 1349 ἔτη
1066 1266 1147 1333 δέκα
1160 1291 1182 1331 ιι

127 1374 299 1459 κατασχὼν
323 1372 445 1456 αὐτήν,
466 1376 575 1456 φυλῆς
597 1371 645 1436 ὢν
668 1379 726 1454 τῆς
749 1373 941 1455 Ζαβούλου,
969 1371 1096 1458 ἔπραξέ
1115 1398 1146 1438 τι

128 1481 275 1563 σπουδῆς
297 1478 402 1556 άξιον.

76 1601 109 1651 16
195 1585 303 1668 (273)
320 1582 452 1669 ’Ἀβδων
482 1580 516 1648 δ’
547 1580 708 1668 Ἑλλῆλου
736 1593 830 1668 παῖς,
858 1588 966 1667 φυλῆς
995 1580 1059 1667 μὲν
1091 1595 1148 1670 τῆς

123 1689 370 1776 Ἐφραιμίτιδος
396 1692 524 1765 πόλεως
551 1684 588 1753 δὲ
615 1697 673 1772 τῆς
702 1693 955 1775 Φαραθωνιτῶν
985 1694 1147 1775 γεγονώς,

128 1797 339 1882 αὐτοκράτωρ
366 1794 499 1878 ἡγεμὼν
526 1793 737 1880 ἀποδειχθεὶς
765 1791 832 1879 μετ’
851 1793 1008 1878 Ἥλωνα,
1040 1800 1148 1882 μόνης
1161 1818 1183 1859 τι

127 1902 171 1968 άν
192 1911 250 1985 τῆς
272 1901 446 1978 εὐπαιδίας
468 1905 729 1986 μνημονευθείη,
753 1897 857 1985 μηδὲν
880 1903 981 1987 ἔργον
1003 1902 1061 1966 διὰ
1085 1905 1147 1988 τῆν

127 2012 265 2094 είρῆνην
287 2005 343 2072 καὶ
365 2009 426 2092 τῆν
445 2008 561 2073 άδειαν
578 2018 645 2072 τῶν
663 2007 865 2093 πραγμάτων
888 2010 1040 2093 λαμπρὸν
1063 2005 1143 2092 μηδ’

126 2115 226 2191 αὐτὸς
248 2112 472 2200 εἰργασμένος.
516 2114 626 2197 <274>
648 2114 732 2190 υίείς
754 2111 785 2177 δ’
812 2108 900 2197 ἦσαν
922 2113 1010 2201 αὐτῷ
1034 2137 1146 2180 τεττα-

129 2223 290 2307 ράκοντα,
319 2219 374 2286 καὶ
400 2222 527 2287 τούτων
557 2220 673 2303 γενεάς
695 2223 943 2285 καταλιπόντων
966 2221 1146 2305 τριάκοντα

126 2325 255 2410 ῆλαυνέ
269 2350 304 2391 τε
324 2329 388 2392 σὺν
406 2326 520 2402 αὐτοῖς
537 2320 635 2391 οὖσιν
659 2323 897 2411 ἑβδομήκοντα,
920 2334 1021 2390 πᾶσιν
1046 2327 1144 2392 ίππά-
1158 2348 1182 2387 το

130 2437 196 2511 ζειν
219 2432 364 2518 ἀρίστοις
387 2428 631 2515 γεγενημένοις,
653 2429 708 2495 καί
730 2431 854 2507 πάντας
875 2426 958 2515 ὑπὲρ
981 2439 1041 2513 γῆς
1063 2430 1145 2497 ἀπο-

128 2539 235 2603 λιπὼν
257 2540 399 2620 θνήσκει
416 2539 563 2622 γηραιός,
586 2534 642 2601 καὶ
664 2546 770 2621 ταφῆς
792 2535 829 2601 έν
854 2540 1039 2621 Φαραθῶνι
1062 2541 1145 2621 λαμ-

128 2650 213 2726 πρᾶς
235 2641 400 2726 τυγχάνει.

92 2750 115 2814 8
197 2746 305 2829 <275>
328 2747 408 2830 μετὰ
440 2743 478 2812 δὲ
504 2756 623 2812 τοῦτον
652 2746 873 2813 Παλαιστινοὶ
904 2752 1144 2834 τελευτήσαντα

130 2862 288 2940 κρατοῦσι
320 2863 387 2918 τῶν
414 2849 647 2938 Ἰσραηλιτῶν,
678 2851 734 2918 καὶ
764 2857 890 2939 φόρους
922 2853 998 2941 παρ’
1033 2856 1144 2922 αὐτῶν
1158 2875 1184 2916 τι

131 2959 319 3044 ἐλάμβανον
347 2956 396 3024 ἐπ’
428 2961 483 3042 ἔτη
511 2960 758 3044 τετταράκοντα.
803 2961 922 3044 ταύτης
949 2957 982 3025 δ’
1010 2959 1145 3027 έλευθε-

93 3074 268 3150 νροῦνται
286 3074 344 3150 τῆς
361 3064 506 3150 ἀνάγκης
528 3066 635 3154 τοάτφ
657 3075 703 3154 τῷ
728 3070 846 3155 τρόπω.
891 3067 1000 3150 <276>
1019 3071 1145 3134 Μανώ-

130 3193 191 3254 χης
211 3195 273 3255 τις,
295 3170 509 3238 Δανιτῶνέν
527 3172 654 3255 ὀλίγοις
675 3175 809 3258 άριστος
830 3169 885 3237 καὶ
908 3181 965 3256 τῆς
987 3175 1146 3260 πατρίδος

130 3274 404 3360 ὁμολογουμένως
434 3288 583 3363 πρῶτος,
618 3273 685 3364 εἶχε
721 3279 862 3362 γύναιον
894 3274 944 3342 ἐπ’
980 3277 1146 3368 εὐμορφία

126 3384 348 3465 περίβλεπτον
371 3382 516 3449 καὶτῶν
533 3380 611 3449 καθ’
634 3384 715 3450 αὑτὸ
740 3383 909 3470 διαφέρον.
954 3386 1086 3450 παίδων
1109 3382 1140 3449 δ’
1158 3405 1184 3444 ιο

203 3504 439 3568 §271=1udic.
459 3504 510 3558 XII
529 3511 552 3560 8.
