2460 3848
68 147 113 213 64
434 151 708 204 ΔΡΧΔΙΟΔΟΓΙᾸΣ

68 318 230 377 νοπαθῶν
252 314 397 396 ήλαυνεν
417 309 466 376 ἐπ’
490 312 592 377 αὐτὸν
615 311 696 395 μετὰ
719 310 892 394 δυνάμεως
915 307 1092 396 ἐπειγόμε·

66 440 133 494 νος.
179 415 234 482 καὶ
252 413 330 482 καθ’
358 413 504 500 ἑβδόμην
522 415 648 502 ἡμέραν
668 415 724 481 ἐπί
743 438 834 491 τννος
855 417 965 500 λόφον
990 441 1093 484 κατα-

68 523 228 607 λαμβάνει
264 519 606 607 προκαθιδρυμένους.
670 522 778 604 <313>
814 517 869 585 καλ
912 523 988 586 τότε
1029 522 1092 608 μέν

68 626 204 712 (ἑσπέρα
228 629 291 712 γὰρ
314 623 370 712 ἡν)
396 628 569 713 ἡσύχαζεν·
594 629 676 714 όναρ
700 624 731 692 δ’
758 627 777 693 ό
799 629 880 703 θεὸς
901 626 994 715 αὐτῷ
1021 628 1092 694 έπι-

68 735 145 810 στὰς
162 729 327 818 παρῄνεσε
343 736 479 817 λαβόντι
499 735 559 798 τὸν
577 735 728 818 γαμβρὸν
746 730 876 808 καὶτὰς
896 733 1116 820 θυγατέραςε

67 840 202 923 ήρεμεϊν
216 836 271 903 καί
285 835 391 922 μηδὲν
412 841 460 916 είς
473 839 594 916 αὐτοὺς
607 839 673 905 ὑπὸ
691 845 807 923 θυμοῦ
824 843 963 922 τολμᾶν,
986 857 1091 930 σπον-

68 946 128 1021 δὰς
155 941 191 1009 δὲ
219 951 388 1010 ποιεῖσθαι
416 948 498 1028 πρὸς
517 942 690 1030 Ἰάκωβον,
718 945 817 1022 αὐτὸς
839 942 946 1027 λέγων
971 945 1090 1038 έκείνφ

68 1054 311 1136 συμμαχήσειν,
340 1053 372 1115 εί
398 1054 650 1138 καταφρονήσας
678 1051 781 1116 αύτοῦ
808 1054 866 1135 τῆς
895 1051 1093 1138 ὀλιγότητος

68 1160 249 1243 χωρήσειεν
264 1157 353 1245 αὐτῷ
370 1158 425 1222 διδι
439 1158 551 1243 μάχης.
580 1158 689 1241 <314>
705 1157 861 1240 Λάβανος
870 1155 919 1240 δέ,
932 1160 1091 1244 τοιαύτης

69 1263 157 1351 αὐτῷ
174 1262 209 1328 ἐκ
223 1273 284 1328 τοῦ
297 1269 382 1328 θεοῦ
396 1266 610 1350 προρρήσεως
628 1260 859 1347 γεγενημένης,
873 1259 945 1346 μεθ’
959 1263 1090 1350 ἡμέραν
1103 1283 1125 1324 ιο

68 1370 115 1445 είς
138 1372 259 1451 λόγους
276 1371 336 1435 τὸν
355 1366 513 1454 Ἰάκωβον
538 1369 837 1457 προκαλεσάμενος,
860 1365 915 1433 καὶ
935 1370 1091 1454 δηλώσας

70 1475 157 1564 αύτῷ
182 1477 219 1541 τὸ
244 1477 338 1563 όναρ,
362 1475 431 1542 ἐπεὶ
454 1479 536 1563 πρὸς
554 1476 657 1542 αὐτὸν
675 1472 759 1560 ἡλθε
782 1479 943 1559 πεισθείς,
966 1474 1089 1562 ήρξατο

69 1594 265 1671 κατηγορεῖν
298 1584 422 1668 αὐτοῦ,
454 1582 631 1671 προφέρων
664 1583 714 1648 ότι
745 1580 799 1648 καί
831 1579 955 1666 πένητα
984 1583 1089 1649 αὐτὸν

70 1690 214 1758 ἐλθόντα
232 1694 315 1777 πρὸς
334 1692 437 1757 αὑτὸν
451 1676 506 1756 καὶ
524 1690 660 1756 πάντων
679 1691 805 1777 δίπορον
828 1686 1009 1780 ὑπεδέξατο
1032 1688 1089 1755 καὶ

70 1799 233 1881 παράσχοι
265 1805 375 1860 πᾶσαν
407 1795 577 1879 άφθονίαν
604 1806 661 1881 τῆς
689 1797 792 1863 αὑτοῦ
819 1799 969 1879 κτήσεως.
1019 1795 1089 1862 ‘nal
1103 1813 1125 1854 15

70 1901 133 1983 γάρ
156 1899 211 1963 καὶ
237 1896 424 1982 θυγατέρας
451 1901 509 1975 τάς
537 1899 616 1982 ἐμάς
639 1901 834 1986 συνέζευξα,
865 1903 926 1985 τήν
950 1901 1089 1968 εύνοιάν

70 2018 132 2066 σου
162 2005 223 2086 τήν
252 2003 334 2085 πρὸς
360 2002 444 2086 ἡμᾶς
472 2004 601 2082 τούτοις
632 2005 835 2089 αὐξήσεσθαι
859 2010 1088 2091 λογιζόμενος·

71 2108 180 2191 <315>
200 2109 242 2171 σὺ
262 2104 293 2170 δ’
317 2108 469 2195 ούτετής
487 2113 609 2198 μητρὸς
631 2121 688 2197 τῆς
711 2124 852 2180 σεαυτοῦ
876 2112 931 2178 καὶ
957 2117 1089 2194 [κοινω-

70 2215 156 2293 νίας]
181 2207 219 2295 ἧς
242 2214 325 2298 ἔχεις
347 2218 429 2302 πρὸς
453 2215 509 2301 ἐμὲ
529 2221 732 2301 συγγενείας,
756 2221 831 2284 ούτε
856 2230 1026 2300 γυναικῶν
1050 2219 1090 2296 δὶς

71 2320 193 2402 ἔγημας
220 2320 302 2404 αἰδῶ
330 2323 567 2406 ποιησάμενος,
596 2321 671 2384 ούτε
694 2319 818 2382 τέκνων
843 2316 890 2383 ὧν
913 2321 980 2401 εἰμὶ
1003 2326 1091 2390 πάπ-
1105 2345 1129 2385 ιο

70 2445 132 2501 πος
154 2427 345 2511 φροντίσας,
369 2426 496 2513 ἐχρήσω
516 2447 573 2504 μοι
590 2419 737 2501 πολέμου
760 2423 864 2507 νόμφ,
887 2430 1003 2501 κτῆσιν
1026 2428 1092 2505 μὲν

72 2531 163 2612 άγων
191 2533 252 2614 τήν
285 2529 388 2614 ἐμήν,
420 2524 606 2610 θυγατέρας
634 2520 663 2588 δ’
696 2522 873 2601 ἀναπείσας
900 2523 1091 2610 ἀποδρᾶναι

72 2617 131 2701 τὸν
154 2639 387 2720 γεγεννηκότα,
411 2633 482 2721 ίερά
500 2655 534 2697 τε
554 2632 673 2720 πάτρια
696 2631 860 2718 βαστάσας
884 2639 965 2720 οίχει
989 2643 1090 2720 φερό-

72 2765 183 2827 μενος,
205 2743 271 2809 ὑπό
294 2767 328 2810 τε
352 2755 418 2809 τῶν
442 2741 530 2825 έμῦν
553 2740 734 2829 τιμηθέντα
752 2745 927 2829 προγόνων
951 2739 1005 2807 καὶ
1028 2743 1084 2810 ὑπ’

73 2847 155 2933 ἐμοῦ
178 2854 358 2937 θρησκείας
380 2859 436 2933 τής
459 2849 560 2935 αὐτῆς
583 2851 721 2928 ἐκείνοις
737 2849 935 2930 ἀξιωθέντα.
978 2851 1088 2933 <316>
1104 2872 1129 2912 ιε

72 2957 128 3022 καὶ
147 2956 245 3025 ταῦθ’
273 2957 293 3023 ἃ
313 2952 396 3041 μηδὲ
416 2957 451 3022 οί
466 2961 710 3043 πολεμήσαντες
728 2961 805 3036 τοὺς
828 2957 970 3045 ἐχθροὺς
993 2957 1089 3042 έδρα-

74 3079 155 3147 σαν,
185 3066 203 3131 δ
233 3065 394 3147 συγγενής
423 3063 484 3146 σύ,
516 3064 571 3128 καὶ
599 3073 657 3147 τής
680 3061 741 3147 μὲν
764 3064 908 3149 άδελφής
930 3074 987 3146 τῆς
1010 3062 1089 3146 έμής

71 3167 146 3244 υίὸς
167 3168 365 3256 θυγατέρων
388 3164 425 3232 δὲ
444 3180 511 3233 τῶν
530 3168 619 3252 έμῶν
642 3168 739 3255 άνήρ,
763 3168 855 3245 ξένος
878 3167 915 3233 δὲ
937 3167 992 3235 καὶ
1015 3167 1089 3253 ε’φέ-

73 3287 164 3349 στιος
195 3283 251 3358 τῆς
283 3273 361 3358 ἐμῆς
392 3275 497 3351 οἰκίας
527 3271 744 3358 γεγενημένος
775 3273 933 3356 ἔδρασαςῖ
981 3276 1088 3357 <317>
1134 3294 1137 3299 ’

73 3376 163 3443 ταῦτ’
186 3381 338 3457 εἰπόντος
356 3380 528 3464 Λαβάνου,
548 3376 702 3462 Ἰάκωβος
720 3375 909 3459 άπελογείτο
929 3381 973 3461 μή
997 3382 1088 3466 μόνῳ
1103 3399 1129 3439 οο

146 3498 536 3565 §313=Gen.XXX124.
917 3503 921 3509 ·
