<?xml version="1.0" encoding="UTF-8"?>
<!DOCTYPE html PUBLIC "-//W3C//DTD XHTML 1.0 Transitional//EN"
    "http://www.w3.org/TR/xhtml1/DTD/xhtml1-transitional.dtd">
<html xmlns="http://www.w3.org/1999/xhtml" xml:lang="en" lang="en">
 <head>
  <title>
</title>
<meta http-equiv="Content-Type" content="text/html;charset=utf-8" />
  <meta name='ocr-system' content='tesseract 3.04.00' />
  <meta name='ocr-capabilities' content='ocr_page ocr_carea ocr_par ocr_line ocrx_word'/>
</head>
<body>
  <div class='ocr_page' id='page_1' title='image "./operaomniaposti01nabegoog_0081.png"; bbox 0 0 2460 3848; ppageno 0'>
   <div class='ocr_carea' id='block_1_1' title="bbox 131 144 771 208">
    <p class='ocr_par' dir='ltr' id='par_1_1' title="bbox 131 144 771 208">
     <span class='ocr_line' id='line_1_1' title="bbox 131 144 771 208; baseline -0.014 -1"><span class='ocrx_word' id='word_1_1' title='bbox 131 144 176 208; x_wconf 87' lang='grc'><strong><em>44</em></strong></span> <span class='ocrx_word' id='word_1_2' title='bbox 496 147 771 200; x_wconf 73' lang='grc' dir='ltr'><strong><em>ιειιιιοιουιευ</em></strong></span> 
     </span>
    </p>
   </div>
   <div class='ocr_carea' id='block_1_2' title="bbox 38 307 1198 3570">
    <p class='ocr_par' dir='ltr' id='par_1_2' title="bbox 124 307 1152 716">
     <span class='ocr_line' id='line_1_2' title="bbox 130 307 1151 396; baseline -0.002 -23"><span class='ocrx_word' id='word_1_3' title='bbox 130 307 258 393; x_wconf 79' lang='grc' dir='ltr'><em>ἡμέραν</em></span> <span class='ocrx_word' id='word_1_4' title='bbox 276 307 518 396; x_wconf 78' lang='grc' dir='ltr'><em>περιτέμνουσι.</em></span> <span class='ocrx_word' id='word_1_5' title='bbox 554 307 613 386; x_wconf 85' lang='grc' dir='ltr'><strong><em>κάξ</em></strong></span> <span class='ocrx_word' id='word_1_6' title='bbox 634 308 763 374; x_wconf 86' lang='grc' dir='ltr'><strong><em>ἐκείνου</em></strong></span> <span class='ocrx_word' id='word_1_7' title='bbox 786 308 867 391; x_wconf 85' lang='grc' dir='ltr'><strong><em>μετά</em></strong></span> <span class='ocrx_word' id='word_1_8' title='bbox 889 309 1051 384; x_wconf 77' lang='grc' dir='ltr'><em>τοσαύτας</em></span> <span class='ocrx_word' id='word_1_9' title='bbox 1072 307 1151 392; x_wconf 80' lang='grc' dir='ltr'><strong><em>ἡμέ-</em></strong></span> 
     </span>
     <span class='ocr_line' id='line_1_3' title="bbox 133 412 1150 501; baseline -0.001 -22"><span class='ocrx_word' id='word_1_10' title='bbox 133 439 193 500; x_wconf 87' lang='grc' dir='ltr'><strong><em>ρας</em></strong></span> <span class='ocrx_word' id='word_1_11' title='bbox 212 417 291 492; x_wconf 89' lang='grc' dir='ltr'><strong><em>ἐθος</em></strong></span> <span class='ocrx_word' id='word_1_12' title='bbox 309 418 444 501; x_wconf 80' lang='grc' dir='ltr'><strong><em>ἔχουσιν</em></strong></span> <span class='ocrx_word' id='word_1_13' title='bbox 463 416 499 480; x_wconf 84' lang='grc' dir='ltr'><strong><em>οί</em></strong></span> <span class='ocrx_word' id='word_1_14' title='bbox 515 412 674 480; x_wconf 87' lang='grc' dir='ltr'><strong><em>Ἰουδαῖοι</em></strong></span> <span class='ocrx_word' id='word_1_15' title='bbox 691 420 863 479; x_wconf 87' lang='grc' dir='ltr'><strong><em>ποιεῖσθαι</em></strong></span> <span class='ocrx_word' id='word_1_16' title='bbox 881 415 938 491; x_wconf 83' lang='grc' dir='ltr'><strong><em>τὰς</em></strong></span> <span class='ocrx_word' id='word_1_17' title='bbox 960 414 1150 500; x_wconf 81' lang='grc' dir='ltr'><strong><em>περιτομάς,</em></strong></span> 
     </span>
     <span class='ocr_line' id='line_1_4' title="bbox 124 517 1149 606; baseline 0.001 -21"><span class='ocrx_word' id='word_1_18' title='bbox 124 519 265 606; x_wconf 79' lang='grc' dir='ltr'><strong><em>’Ἁραβες</em></strong></span> <span class='ocrx_word' id='word_1_19' title='bbox 288 517 325 585; x_wconf 74' lang='grc' dir='ltr'><strong><em>δὲ</em></strong></span> <span class='ocrx_word' id='word_1_20' title='bbox 348 517 417 604; x_wconf 85' lang='grc' dir='ltr'><strong><em>μετ’</em></strong></span> <span class='ocrx_word' id='word_1_21' title='bbox 445 524 517 598; x_wconf 80' lang='grc' dir='ltr'><strong><em>ἔτος</em></strong></span> <span class='ocrx_word' id='word_1_22' title='bbox 539 519 824 606; x_wconf 78' lang='grc' dir='ltr'><strong><em>τρισκαιδέκατον·</em></strong></span> <span class='ocrx_word' id='word_1_23' title='bbox 850 517 1022 605; x_wconf 88' lang='grc' dir='ltr'><strong><em>Ἰσμάηλος</em></strong></span> <span class='ocrx_word' id='word_1_24' title='bbox 1044 522 1108 603; x_wconf 84' lang='grc' dir='ltr'><strong><em>γὰρ</em></strong></span> <span class='ocrx_word' id='word_1_25' title='bbox 1132 521 1149 586; x_wconf 89' lang='grc' dir='ltr'>ὁ</span> 
     </span>
     <span class='ocr_line' id='line_1_5' title="bbox 132 623 1152 716; baseline -0.002 -24"><span class='ocrx_word' id='word_1_26' title='bbox 132 628 264 709; x_wconf 80' lang='grc' dir='ltr'><strong><em>κτιστὴς</em></strong></span> <span class='ocrx_word' id='word_1_27' title='bbox 286 627 397 692; x_wconf 83' lang='grc' dir='ltr'><strong><em>αὐτῶν</em></strong></span> <span class='ocrx_word' id='word_1_28' title='bbox 420 637 480 693; x_wconf 83' lang='grc' dir='ltr'><strong><em>τοῦ</em></strong></span> <span class='ocrx_word' id='word_1_29' title='bbox 504 630 638 710; x_wconf 80' lang='grc' dir='ltr'><strong><em>ἔθνους,</em></strong></span> <span class='ocrx_word' id='word_1_30' title='bbox 657 623 810 716; x_wconf 75' lang='grc' dir='ltr'><strong><em>Ἁβράμῳ</em></strong></span> <span class='ocrx_word' id='word_1_31' title='bbox 833 630 1012 711; x_wconf 87' lang='grc' dir='ltr'><strong><em>γενόμενος</em></strong></span> <span class='ocrx_word' id='word_1_32' title='bbox 1035 625 1071 690; x_wconf 90' lang='grc' dir='ltr'><strong><em>ἐκ</em></strong></span> <span class='ocrx_word' id='word_1_33' title='bbox 1094 635 1152 708; x_wconf 83' lang='grc' dir='ltr'><strong><em>τῆς</em></strong></span> 
     </span>
    </p>

    <p class='ocr_par' dir='ltr' id='par_1_3' title="bbox 103 727 1179 925">
     <span class='ocr_line' id='line_1_6' title="bbox 103 727 1179 822; baseline 0 -25"><span class='ocrx_word' id='word_1_34' title='bbox 103 811 105 815; x_wconf 21' lang='lat'><strong><em>¹</em></strong></span> <span class='ocrx_word' id='word_1_35' title='bbox 132 737 316 817; x_wconf 78' lang='grc' dir='ltr'><strong><em>παλλακῆς,</em></strong></span> <span class='ocrx_word' id='word_1_36' title='bbox 339 733 376 798; x_wconf 93' lang='grc' dir='ltr'><strong><em>ἐν</em></strong></span> <span class='ocrx_word' id='word_1_37' title='bbox 398 735 504 822; x_wconf 80' lang='grc' dir='ltr'><strong><em>τούτῳ</em></strong></span> <span class='ocrx_word' id='word_1_38' title='bbox 527 731 753 818; x_wconf 84' lang='grc' dir='ltr'><strong><em>περιτέμνεται</em></strong></span> <span class='ocrx_word' id='word_1_39' title='bbox 775 741 821 821; x_wconf 74' lang='grc' dir='ltr'><strong><em>τηῖ</em></strong></span> <span class='ocrx_word' id='word_1_40' title='bbox 845 736 965 821; x_wconf 76' lang='grc' dir='ltr'><strong><em>χρόνῳ.</em></strong></span> <span class='ocrx_word' id='word_1_41' title='bbox 1010 730 1086 816; x_wconf 82' lang='grc' dir='ltr'><strong><em>περὶ</em></strong></span> <span class='ocrx_word' id='word_1_42' title='bbox 1110 727 1179 797; x_wconf 82' lang='grc' dir='ltr'><strong><em>οὗε</em></strong></span> 
     </span>
     <span class='ocr_line' id='line_1_7' title="bbox 134 838 1106 925; baseline -0.002 -22"><span class='ocrx_word' id='word_1_43' title='bbox 134 841 192 904; x_wconf 87' lang='grc' dir='ltr'><strong><em>τὸν</em></strong></span> <span class='ocrx_word' id='word_1_44' title='bbox 215 839 322 903; x_wconf 87' lang='grc' dir='ltr'><strong><em>πάντα</em></strong></span> <span class='ocrx_word' id='word_1_45' title='bbox 345 842 448 922; x_wconf 90' lang='grc' dir='ltr'><strong><em>λόγον</em></strong></span> <span class='ocrx_word' id='word_1_46' title='bbox 472 839 656 923; x_wconf 83' lang='grc' dir='ltr'><strong><em>ἐκθησομαι</em></strong></span> <span class='ocrx_word' id='word_1_47' title='bbox 679 839 760 923; x_wconf 89' lang='grc' dir='ltr'><strong><em>μετδι</em></strong></span> <span class='ocrx_word' id='word_1_48' title='bbox 782 844 906 923; x_wconf 80' lang='grc' dir='ltr'><strong><em>πολλῆς</em></strong></span> <span class='ocrx_word' id='word_1_49' title='bbox 930 838 1106 925; x_wconf 81' lang='grc' dir='ltr'><strong><em>ἀκριβείας.</em></strong></span> 
     </span>
    </p>

    <p class='ocr_par' dir='ltr' id='par_1_4' title="bbox 99 941 1195 2517">
     <span class='ocr_line' id='line_1_8' title="bbox 99 941 1153 1030; baseline -0.003 -20"><span class='ocrx_word' id='word_1_50' title='bbox 99 961 115 1010; x_wconf 83' lang='grc'>3</span> <span class='ocrx_word' id='word_1_51' title='bbox 202 944 311 1027; x_wconf 79' lang='lat'>&lt;215&gt;</span> <span class='ocrx_word' id='word_1_52' title='bbox 334 944 452 1030; x_wconf 83' lang='grc' dir='ltr'><strong><em>Σάρρα</em></strong></span> <span class='ocrx_word' id='word_1_53' title='bbox 471 941 509 1010; x_wconf 76' lang='grc' dir='ltr'><strong><em>δέ</em></strong></span> <span class='ocrx_word' id='word_1_54' title='bbox 527 943 734 1030; x_wconf 87' lang='grc' dir='ltr'><strong><em>γεννηθέντα</em></strong></span> <span class='ocrx_word' id='word_1_55' title='bbox 757 947 816 1010; x_wconf 87' lang='grc' dir='ltr'><strong><em>τὸν</em></strong></span> <span class='ocrx_word' id='word_1_56' title='bbox 836 941 1012 1030; x_wconf 88' lang='grc' dir='ltr'><strong><em>Ἰσμάηλον</em></strong></span> <span class='ocrx_word' id='word_1_57' title='bbox 1036 943 1072 1008; x_wconf 89' lang='grc' dir='ltr'><strong><em>ἐκ</em></strong></span> <span class='ocrx_word' id='word_1_58' title='bbox 1095 952 1153 1026; x_wconf 80' lang='grc' dir='ltr'><strong><em>τῆς</em></strong></span> 
     </span>
     <span class='ocr_line' id='line_1_9' title="bbox 135 1045 1152 1136; baseline 0.002 -23"><span class='ocrx_word' id='word_1_59' title='bbox 135 1050 257 1132; x_wconf 84' lang='grc' dir='ltr'><strong><em>δούλης</em></strong></span> <span class='ocrx_word' id='word_1_60' title='bbox 280 1050 381 1134; x_wconf 78' lang='grc' dir='ltr'><strong><em>αὐτῆς</em></strong></span> <span class='ocrx_word' id='word_1_61' title='bbox 399 1046 539 1136; x_wconf 88' lang='grc' dir='ltr'><strong><em>Ἀγάρης</em></strong></span> <span class='ocrx_word' id='word_1_62' title='bbox 561 1053 598 1116; x_wconf 92' lang='grc' dir='ltr'><strong><em>τὸ</em></strong></span> <span class='ocrx_word' id='word_1_63' title='bbox 622 1046 683 1134; x_wconf 74' lang='grc' dir='ltr'><strong><em>μὲν</em></strong></span> <span class='ocrx_word' id='word_1_64' title='bbox 705 1059 838 1135; x_wconf 85' lang='grc' dir='ltr'><strong><em>πρῶτον</em></strong></span> <span class='ocrx_word' id='word_1_65' title='bbox 861 1053 1027 1136; x_wconf 81' lang='grc' dir='ltr'><strong><em>ἔστεργεν,</em></strong></span> <span class='ocrx_word' id='word_1_66' title='bbox 1050 1045 1152 1115; x_wconf 74' lang='grc' dir='ltr'><strong><em>οὐδὲν</em></strong></span> 
     </span>
     <span class='ocr_line' id='line_1_10' title="bbox 134 1154 1151 1243; baseline 0.001 -23"><span class='ocrx_word' id='word_1_67' title='bbox 134 1155 359 1221; x_wconf 82' lang='grc' dir='ltr'><strong><em>ἀπολείπουσα</em></strong></span> <span class='ocrx_word' id='word_1_68' title='bbox 377 1165 434 1240; x_wconf 77' lang='grc' dir='ltr'><strong><em>τῆς</em></strong></span> <span class='ocrx_word' id='word_1_69' title='bbox 453 1157 498 1233; x_wconf 83' lang='grc' dir='ltr'><strong><em>ὡς</em></strong></span> <span class='ocrx_word' id='word_1_70' title='bbox 515 1159 598 1243; x_wconf 88' lang='grc' dir='ltr'><strong><em>πρὸς</em></strong></span> <span class='ocrx_word' id='word_1_71' title='bbox 617 1158 705 1222; x_wconf 88' lang='grc' dir='ltr'><strong><em>ίδιον</em></strong></span> <span class='ocrx_word' id='word_1_72' title='bbox 728 1157 804 1221; x_wconf 88' lang='grc' dir='ltr'><strong><em>υίδν</em></strong></span> <span class='ocrx_word' id='word_1_73' title='bbox 828 1156 972 1232; x_wconf 83' lang='grc' dir='ltr'><strong><em>εὐνοίας·</em></strong></span> <span class='ocrx_word' id='word_1_74' title='bbox 997 1154 1151 1242; x_wconf 81' lang='grc' dir='ltr'><strong><em>ἐτρέφετο</em></strong></span> 
     </span>
     <span class='ocr_line' id='line_1_11' title="bbox 135 1258 1193 1347; baseline 0 -21"><span class='ocrx_word' id='word_1_75' title='bbox 135 1263 198 1346; x_wconf 85' lang='grc' dir='ltr'><strong><em>γὰρ</em></strong></span> <span class='ocrx_word' id='word_1_76' title='bbox 222 1261 276 1326; x_wconf 81' lang='grc' dir='ltr'><strong><em>ἐπὶ</em></strong></span> <span class='ocrx_word' id='word_1_77' title='bbox 297 1270 337 1346; x_wconf 74' lang='grc' dir='ltr'><strong><em>τῇ</em></strong></span> <span class='ocrx_word' id='word_1_78' title='bbox 360 1271 417 1345; x_wconf 80' lang='grc' dir='ltr'><strong><em>τῆς</em></strong></span> <span class='ocrx_word' id='word_1_79' title='bbox 444 1262 622 1346; x_wconf 71' lang='grc' dir='ltr'><strong><em>ἡγεμονίας</em></strong></span> <span class='ocrx_word' id='word_1_80' title='bbox 650 1263 799 1347; x_wconf 75' lang='grc' dir='ltr'><strong><em>διαδοχῇ.</em></strong></span> <span class='ocrx_word' id='word_1_81' title='bbox 844 1273 985 1328; x_wconf 88' lang='grc' dir='ltr'><strong><em>τεκοῦσα</em></strong></span> <span class='ocrx_word' id='word_1_82' title='bbox 1010 1258 1039 1326; x_wconf 90' lang='grc' dir='ltr'><strong><em>δ’</em></strong></span> <span class='ocrx_word' id='word_1_83' title='bbox 1067 1261 1150 1344; x_wconf 81' lang='grc' dir='ltr'><strong><em>αὐτη</em></strong></span> <span class='ocrx_word' id='word_1_84' title='bbox 1167 1289 1193 1327; x_wconf 86' lang='lat'><strong><em>10</em></strong></span> 
     </span>
     <span class='ocr_line' id='line_1_12' title="bbox 135 1365 1152 1458; baseline 0.001 -27"><span class='ocrx_word' id='word_1_85' title='bbox 135 1370 193 1433; x_wconf 91' lang='grc' dir='ltr'><strong><em>τὸν</em></strong></span> <span class='ocrx_word' id='word_1_86' title='bbox 208 1366 342 1433; x_wconf 87' lang='grc' dir='ltr'><strong><em>Ἴσακον</em></strong></span> <span class='ocrx_word' id='word_1_87' title='bbox 356 1367 417 1433; x_wconf 86' lang='grc' dir='ltr'><strong><em>οὐκ</em></strong></span> <span class='ocrx_word' id='word_1_88' title='bbox 431 1366 526 1450; x_wconf 79' lang='grc' dir='ltr'><strong><em>ἠξίου</em></strong></span> <span class='ocrx_word' id='word_1_89' title='bbox 539 1366 810 1454; x_wconf 89' lang='grc' dir='ltr'><strong><em>παρατρέφεσθαι</em></strong></span> <span class='ocrx_word' id='word_1_90' title='bbox 824 1370 930 1458; x_wconf 77' lang='grc' dir='ltr'><strong><em>τούτῳ</em></strong></span> <span class='ocrx_word' id='word_1_91' title='bbox 949 1371 1008 1434; x_wconf 93' lang='grc' dir='ltr'><strong><em>τὸν</em></strong></span> <span class='ocrx_word' id='word_1_92' title='bbox 1023 1365 1152 1453; x_wconf 86' lang='grc' dir='ltr'><strong><em>Ἰσμάη-</em></strong></span> 
     </span>
     <span class='ocr_line' id='line_1_13' title="bbox 136 1472 1153 1561; baseline -0.003 -22"><span class='ocrx_word' id='word_1_93' title='bbox 136 1479 208 1559; x_wconf 91' lang='grc' dir='ltr'><strong><em>λον,</em></strong></span> <span class='ocrx_word' id='word_1_94' title='bbox 232 1477 311 1539; x_wconf 77' lang='grc' dir='ltr'><strong><em>ὄντα</em></strong></span> <span class='ocrx_word' id='word_1_95' title='bbox 334 1475 560 1561; x_wconf 82' lang='grc' dir='ltr'><strong><em>πρεσβύτερον</em></strong></span> <span class='ocrx_word' id='word_1_96' title='bbox 583 1472 637 1539; x_wconf 81' lang='grc' dir='ltr'><strong><em>καὶ</em></strong></span> <span class='ocrx_word' id='word_1_97' title='bbox 661 1487 859 1559; x_wconf 90' lang='grc' dir='ltr'><strong><em>κακουργεῖν</em></strong></span> <span class='ocrx_word' id='word_1_98' title='bbox 882 1475 985 1540; x_wconf 83' lang='grc' dir='ltr'><strong><em>αὐτὸν</em></strong></span> <span class='ocrx_word' id='word_1_99' title='bbox 1010 1475 1153 1557; x_wconf 85' lang='grc' dir='ltr'><strong><em>δυνάμε-</em></strong></span> 
     </span>
     <span class='ocr_line' id='line_1_14' title="bbox 135 1579 1152 1668; baseline -0.002 -22"><span class='ocrx_word' id='word_1_100' title='bbox 135 1605 198 1647; x_wconf 93' lang='grc' dir='ltr'><strong><em>νον</em></strong></span> <span class='ocrx_word' id='word_1_101' title='bbox 225 1591 285 1647; x_wconf 85' lang='grc' dir='ltr'><strong><em>τοῦ</em></strong></span> <span class='ocrx_word' id='word_1_102' title='bbox 312 1585 436 1668; x_wconf 90' lang='grc' dir='ltr'><strong><em>πατρὸς</em></strong></span> <span class='ocrx_word' id='word_1_103' title='bbox 458 1581 571 1658; x_wconf 84' lang='grc' dir='ltr'><strong><em>αὐτοῖς</em></strong></span> <span class='ocrx_word' id='word_1_104' title='bbox 598 1579 837 1657; x_wconf 85' lang='grc' dir='ltr'><strong><em>ἀποθανόντος.</em></strong></span> <span class='ocrx_word' id='word_1_105' title='bbox 885 1581 994 1664; x_wconf 80' lang='grc'>&lt;216&gt;</span> <span class='ocrx_word' id='word_1_106' title='bbox 1018 1582 1152 1645; x_wconf 79' lang='grc' dir='ltr'><strong><em>ἔπειθεν</em></strong></span> 
     </span>
     <span class='ocr_line' id='line_1_15' title="bbox 136 1683 1153 1774; baseline -0.003 -21"><span class='ocrx_word' id='word_1_107' title='bbox 136 1683 199 1753; x_wconf 82' lang='grc' dir='ltr'><strong><em>οὖν</em></strong></span> <span class='ocrx_word' id='word_1_108' title='bbox 221 1691 280 1754; x_wconf 92' lang='grc' dir='ltr'><strong><em>τὸν</em></strong></span> <span class='ocrx_word' id='word_1_109' title='bbox 299 1686 467 1774; x_wconf 80' lang='grc' dir='ltr'><strong><em>’Ἅβραμον</em></strong></span> <span class='ocrx_word' id='word_1_110' title='bbox 497 1689 545 1764; x_wconf 86' lang='grc' dir='ltr'><strong><em>είς</em></strong></span> <span class='ocrx_word' id='word_1_111' title='bbox 568 1687 723 1753; x_wconf 86' lang='grc' dir='ltr'><strong><em>ἀποικίαν</em></strong></span> <span class='ocrx_word' id='word_1_112' title='bbox 747 1685 923 1772; x_wconf 82' lang='grc' dir='ltr'><strong><em>ἐκπέμπειν</em></strong></span> <span class='ocrx_word' id='word_1_113' title='bbox 947 1687 1049 1750; x_wconf 86' lang='grc' dir='ltr'><strong><em>αὐτὸν</em></strong></span> <span class='ocrx_word' id='word_1_114' title='bbox 1073 1687 1153 1769; x_wconf 82' lang='grc' dir='ltr'><strong><em>μετὰ</em></strong></span> 
     </span>
     <span class='ocr_line' id='line_1_16' title="bbox 136 1791 1194 1879; baseline 0 -21"><span class='ocrx_word' id='word_1_115' title='bbox 136 1803 193 1878; x_wconf 80' lang='grc' dir='ltr'><strong><em>τῆς</em></strong></span> <span class='ocrx_word' id='word_1_116' title='bbox 215 1798 346 1879; x_wconf 91' lang='grc' dir='ltr'><strong><em>μητρός.</em></strong></span> <span class='ocrx_word' id='word_1_117' title='bbox 392 1791 467 1859; x_wconf 76' lang='grc' dir='ltr'><strong><em>δδέ</em></strong></span> <span class='ocrx_word' id='word_1_118' title='bbox 485 1795 566 1859; x_wconf 84' lang='grc' dir='ltr'><strong><em>κατά</em></strong></span> <span class='ocrx_word' id='word_1_119' title='bbox 585 1791 646 1879; x_wconf 72' lang='grc' dir='ltr'><strong><em>μὲν</em></strong></span> <span class='ocrx_word' id='word_1_120' title='bbox 665 1793 766 1879; x_wconf 82' lang='grc' dir='ltr'><strong><em>ἀρχάς</em></strong></span> <span class='ocrx_word' id='word_1_121' title='bbox 789 1795 830 1860; x_wconf 86' lang='grc' dir='ltr'><strong><em>οὐ</em></strong></span> <span class='ocrx_word' id='word_1_122' title='bbox 853 1796 1069 1878; x_wconf 86' lang='grc' dir='ltr'><strong><em>προσετίθετο</em></strong></span> <span class='ocrx_word' id='word_1_123' title='bbox 1091 1796 1153 1878; x_wconf 79' lang='grc' dir='ltr'><strong><em>τὴν</em></strong></span> <span class='ocrx_word' id='word_1_124' title='bbox 1168 1817 1194 1858; x_wconf 87' lang='lat'><strong><em>15</em></strong></span> 
     </span>
     <span class='ocr_line' id='line_1_17' title="bbox 137 1891 1154 1985; baseline 0 -21"><span class='ocrx_word' id='word_1_125' title='bbox 137 1900 241 1965; x_wconf 87' lang='grc' dir='ltr'><strong><em>αὑτοῦ</em></strong></span> <span class='ocrx_word' id='word_1_126' title='bbox 264 1902 400 1985; x_wconf 79' lang='grc' dir='ltr'><strong><em>γνώμην</em></strong></span> <span class='ocrx_word' id='word_1_127' title='bbox 424 1891 474 1977; x_wconf 85' lang='grc' dir='ltr'><strong><em>οἷς</em></strong></span> <span class='ocrx_word' id='word_1_128' title='bbox 496 1901 516 1984; x_wconf 78' lang='grc' dir='ltr'><strong><em>η</em></strong></span> <span class='ocrx_word' id='word_1_129' title='bbox 536 1900 654 1985; x_wconf 87' lang='grc' dir='ltr'><strong><em>Σάρρα</em></strong></span> <span class='ocrx_word' id='word_1_130' title='bbox 678 1899 886 1984; x_wconf 78' lang='grc' dir='ltr'><strong><em>ἐσπουδάκει,</em></strong></span> <span class='ocrx_word' id='word_1_131' title='bbox 908 1900 1043 1964; x_wconf 86' lang='grc' dir='ltr'><strong><em>πάντων</em></strong></span> <span class='ocrx_word' id='word_1_132' title='bbox 1067 1899 1154 1983; x_wconf 83' lang='grc' dir='ltr'><strong><em>ἀμό-</em></strong></span> 
     </span>
     <span class='ocr_line' id='line_1_18' title="bbox 137 2000 1154 2091; baseline 0.003 -22"><span class='ocrx_word' id='word_1_133' title='bbox 137 2029 236 2071; x_wconf 93' lang='grc' dir='ltr'><strong><em>τατον</em></strong></span> <span class='ocrx_word' id='word_1_134' title='bbox 258 2006 443 2091; x_wconf 71' lang='grc' dir='ltr'><strong><em>ἡγούμενος</em></strong></span> <span class='ocrx_word' id='word_1_135' title='bbox 461 2000 546 2071; x_wconf 80' lang='grc' dir='ltr'><strong><em>εἶναι</em></strong></span> <span class='ocrx_word' id='word_1_136' title='bbox 564 2008 668 2071; x_wconf 86' lang='grc' dir='ltr'><strong><em>παῖδα</em></strong></span> <span class='ocrx_word' id='word_1_137' title='bbox 686 2009 808 2089; x_wconf 83' lang='grc' dir='ltr'><strong><em>νηπιον</em></strong></span> <span class='ocrx_word' id='word_1_138' title='bbox 831 2005 886 2071; x_wconf 79' lang='grc' dir='ltr'><strong><em>καί</em></strong></span> <span class='ocrx_word' id='word_1_139' title='bbox 909 2016 1050 2090; x_wconf 90' lang='grc' dir='ltr'><strong><em>γυναῖκα</em></strong></span> <span class='ocrx_word' id='word_1_140' title='bbox 1073 2007 1154 2072; x_wconf 82' lang='grc' dir='ltr'><strong><em>ἀπο-</em></strong></span> 
     </span>
     <span class='ocr_line' id='line_1_19' title="bbox 140 2110 1155 2199; baseline -0.003 -21"><span class='ocrx_word' id='word_1_141' title='bbox 140 2137 202 2199; x_wconf 94' lang='grc' dir='ltr'><strong><em>ρον</em></strong></span> <span class='ocrx_word' id='word_1_142' title='bbox 221 2123 288 2179; x_wconf 81' lang='grc' dir='ltr'><strong><em>τῶν</em></strong></span> <span class='ocrx_word' id='word_1_143' title='bbox 307 2112 497 2196; x_wconf 86' lang='grc' dir='ltr'><strong><em>ἀναγκαίων</em></strong></span> <span class='ocrx_word' id='word_1_144' title='bbox 517 2110 706 2197; x_wconf 89' lang='grc' dir='ltr'><strong><em>ἐκπέμπειν·</em></strong></span> <span class='ocrx_word' id='word_1_145' title='bbox 731 2114 841 2197; x_wconf 78' lang='grc'>&lt;217&gt;</span> <span class='ocrx_word' id='word_1_146' title='bbox 860 2113 1001 2199; x_wconf 74' lang='grc' dir='ltr'><strong><em>ὕστερον</em></strong></span> <span class='ocrx_word' id='word_1_147' title='bbox 1026 2110 1066 2176; x_wconf 91' lang='grc' dir='ltr'><strong><em>δέ</em></strong></span> <span class='ocrx_word' id='word_1_148' title='bbox 1086 2110 1155 2198; x_wconf 84' lang='grc' dir='ltr'><strong><em>(καὶ</em></strong></span> 
     </span>
     <span class='ocr_line' id='line_1_20' title="bbox 137 2218 1154 2306; baseline 0.001 -22"><span class='ocrx_word' id='word_1_149' title='bbox 137 2221 201 2303; x_wconf 87' lang='grc' dir='ltr'><strong><em>γδιρ</em></strong></span> <span class='ocrx_word' id='word_1_150' title='bbox 225 2221 243 2286; x_wconf 88' lang='grc' dir='ltr'><strong><em>δ</em></strong></span> <span class='ocrx_word' id='word_1_151' title='bbox 266 2223 347 2297; x_wconf 87' lang='grc' dir='ltr'><strong><em>θεὸς</em></strong></span> <span class='ocrx_word' id='word_1_152' title='bbox 369 2218 524 2303; x_wconf 79' lang='grc' dir='ltr'><strong><em>ἠρέσκετο</em></strong></span> <span class='ocrx_word' id='word_1_153' title='bbox 544 2231 613 2295; x_wconf 87' lang='grc' dir='ltr'><strong><em>τοῖς</em></strong></span> <span class='ocrx_word' id='word_1_154' title='bbox 631 2221 696 2285; x_wconf 85' lang='grc' dir='ltr'><strong><em>ὑπὸ</em></strong></span> <span class='ocrx_word' id='word_1_155' title='bbox 720 2229 777 2302; x_wconf 80' lang='grc' dir='ltr'><strong><em>τῆς</em></strong></span> <span class='ocrx_word' id='word_1_156' title='bbox 799 2221 934 2306; x_wconf 86' lang='grc' dir='ltr'><strong><em>Σάρρας</em></strong></span> <span class='ocrx_word' id='word_1_157' title='bbox 955 2235 1154 2301; x_wconf 87' lang='grc' dir='ltr'><strong><em>προσταττο-</em></strong></span> 
     </span>
     <span class='ocr_line' id='line_1_21' title="bbox 138 2323 1195 2410; baseline -0.002 -20"><span class='ocrx_word' id='word_1_158' title='bbox 138 2324 264 2409; x_wconf 83' lang='grc' dir='ltr'><strong><em>μένοις)</em></strong></span> <span class='ocrx_word' id='word_1_159' title='bbox 296 2323 445 2401; x_wconf 77' lang='grc' dir='ltr'><strong><em>πεισθεὶς</em></strong></span> <span class='ocrx_word' id='word_1_160' title='bbox 476 2327 658 2410; x_wconf 87' lang='grc' dir='ltr'><strong><em>παρεδίδου</em></strong></span> <span class='ocrx_word' id='word_1_161' title='bbox 690 2329 749 2390; x_wconf 91' lang='grc' dir='ltr'><strong><em>τὸν</em></strong></span> <span class='ocrx_word' id='word_1_162' title='bbox 774 2323 948 2408; x_wconf 86' lang='grc' dir='ltr'><strong><em>Ἰσμάηλον</em></strong></span> <span class='ocrx_word' id='word_1_163' title='bbox 976 2333 1015 2409; x_wconf 77' lang='grc' dir='ltr'><strong><em>τη</em></strong></span> <span class='ocrx_word' id='word_1_164' title='bbox 1044 2328 1153 2409; x_wconf 89' lang='grc' dir='ltr'><strong><em>μητρί,</em></strong></span> <span class='ocrx_word' id='word_1_165' title='bbox 1169 2350 1195 2389; x_wconf 81' lang='grc' dir='ltr'><strong><em>εο</em></strong></span> 
     </span>
     <span class='ocr_line' id='line_1_22' title="bbox 138 2426 1152 2517; baseline 0.002 -24"><span class='ocrx_word' id='word_1_166' title='bbox 138 2433 234 2512; x_wconf 84' lang='grc' dir='ltr'><strong><em>μηπω</em></strong></span> <span class='ocrx_word' id='word_1_167' title='bbox 259 2426 303 2493; x_wconf 90' lang='grc' dir='ltr'><strong><em>δι’</em></strong></span> <span class='ocrx_word' id='word_1_168' title='bbox 331 2431 434 2495; x_wconf 85' lang='grc' dir='ltr'><strong><em>αὑτοῦ</em></strong></span> <span class='ocrx_word' id='word_1_169' title='bbox 457 2443 578 2515; x_wconf 80' lang='grc' dir='ltr'><strong><em>χωρεῖν</em></strong></span> <span class='ocrx_word' id='word_1_170' title='bbox 603 2431 809 2514; x_wconf 90' lang='grc' dir='ltr'><strong><em>δυνάμενον,</em></strong></span> <span class='ocrx_word' id='word_1_171' title='bbox 831 2430 923 2515; x_wconf 79' lang='grc' dir='ltr'><strong><em>ὕδωρ</em></strong></span> <span class='ocrx_word' id='word_1_172' title='bbox 947 2426 975 2494; x_wconf 90' lang='grc' dir='ltr'><strong><em>τ’</em></strong></span> <span class='ocrx_word' id='word_1_173' title='bbox 1003 2429 1039 2494; x_wconf 91' lang='grc' dir='ltr'><strong><em>ἐν</em></strong></span> <span class='ocrx_word' id='word_1_174' title='bbox 1063 2429 1152 2517; x_wconf 80' lang='grc' dir='ltr'><strong><em>ἀσκηῖ</em></strong></span> 
     </span>
    </p>

    <p class='ocr_par' dir='ltr' id='par_1_5' title="bbox 38 2531 1154 2623">
     <span class='ocr_line' id='line_1_23' title="bbox 38 2531 1154 2623; baseline 0.004 -26"><span class='ocrx_word' id='word_1_175' title='bbox 38 2599 43 2608; x_wconf 76' lang='grc'><strong><em>,</em></strong></span> <span class='ocrx_word' id='word_1_176' title='bbox 138 2531 193 2598; x_wconf 81' lang='grc' dir='ltr'><strong><em>καὶ</em></strong></span> <span class='ocrx_word' id='word_1_177' title='bbox 230 2533 332 2618; x_wconf 85' lang='grc' dir='ltr'><strong><em>άρτον</em></strong></span> <span class='ocrx_word' id='word_1_178' title='bbox 368 2532 557 2619; x_wconf 85' lang='grc' dir='ltr'><strong><em>φερομένην</em></strong></span> <span class='ocrx_word' id='word_1_179' title='bbox 594 2534 765 2601; x_wconf 90' lang='grc' dir='ltr'><strong><em>ἐκέλευσεν</em></strong></span> <span class='ocrx_word' id='word_1_180' title='bbox 802 2533 934 2600; x_wconf 85' lang='grc' dir='ltr'><strong><em>ἀπιέναι</em></strong></span> <span class='ocrx_word' id='word_1_181' title='bbox 971 2536 1082 2623; x_wconf 76' lang='grc' dir='ltr'><strong><em>ὁδηγῷ</em></strong></span> <span class='ocrx_word' id='word_1_182' title='bbox 1114 2545 1154 2621; x_wconf 78' lang='grc' dir='ltr'><strong><em>τῇ</em></strong></span> 
     </span>
    </p>

    <p class='ocr_par' dir='ltr' id='par_1_6' title="bbox 139 2637 1155 2725">
     <span class='ocr_line' id='line_1_24' title="bbox 139 2637 1155 2725; baseline 0.005 -22"><span class='ocrx_word' id='word_1_183' title='bbox 139 2638 265 2724; x_wconf 87' lang='grc' dir='ltr'><strong><em>ἀνάγκη</em></strong></span> <span class='ocrx_word' id='word_1_184' title='bbox 284 2637 467 2723; x_wconf 87' lang='grc' dir='ltr'><strong><em>χρωμένην.</em></strong></span> <span class='ocrx_word' id='word_1_185' title='bbox 513 2642 623 2725; x_wconf 84' lang='grc'>&lt;218&gt;</span> <span class='ocrx_word' id='word_1_186' title='bbox 636 2642 687 2718; x_wconf 78' lang='grc' dir='ltr'><strong><em>’ὡς</em></strong></span> <span class='ocrx_word' id='word_1_187' title='bbox 710 2638 740 2705; x_wconf 90' lang='grc' dir='ltr'><strong><em>δ’</em></strong></span> <span class='ocrx_word' id='word_1_188' title='bbox 764 2640 928 2706; x_wconf 83' lang='grc' dir='ltr'><strong><em>ἀπιοῦσαν</em></strong></span> <span class='ocrx_word' id='word_1_189' title='bbox 953 2641 1155 2708; x_wconf 87' lang='grc' dir='ltr'><strong><em>ἐπελελοίπει</em></strong></span> 
     </span>
    </p>

    <p class='ocr_par' dir='ltr' id='par_1_7' title="bbox 137 2743 1198 3570">
     <span class='ocr_line' id='line_1_25' title="bbox 139 2743 1149 2832; baseline 0.002 -21"><span class='ocrx_word' id='word_1_190' title='bbox 139 2745 332 2828; x_wconf 85' lang='grc' dir='ltr'><strong><em>τάναγκαῖα,</em></strong></span> <span class='ocrx_word' id='word_1_191' title='bbox 356 2744 393 2810; x_wconf 87' lang='grc' dir='ltr'><strong><em>ἐν</em></strong></span> <span class='ocrx_word' id='word_1_192' title='bbox 415 2759 529 2824; x_wconf 82' lang='grc' dir='ltr'><strong><em>κακοῖς</em></strong></span> <span class='ocrx_word' id='word_1_193' title='bbox 550 2743 602 2830; x_wconf 79' lang='grc' dir='ltr'><strong><em>ἦν.</em></strong></span> <span class='ocrx_word' id='word_1_194' title='bbox 648 2747 770 2824; x_wconf 74' lang='grc' dir='ltr'><strong><em>ὕδατος</em></strong></span> <span class='ocrx_word' id='word_1_195' title='bbox 789 2743 826 2811; x_wconf 75' lang='grc' dir='ltr'><strong><em>δέ</em></strong></span> <span class='ocrx_word' id='word_1_196' title='bbox 846 2751 1071 2832; x_wconf 78' lang='grc' dir='ltr'><strong><em>σπανίζοντος,</em></strong></span> <span class='ocrx_word' id='word_1_197' title='bbox 1093 2747 1149 2813; x_wconf 83' lang='grc' dir='ltr'><strong><em>ὑπ’</em></strong></span> 
     </span>
     <span class='ocr_line' id='line_1_26' title="bbox 140 2849 1196 2940; baseline 0 -22"><span class='ocrx_word' id='word_1_198' title='bbox 140 2851 237 2939; x_wconf 77' lang='grc' dir='ltr'><strong><em>ἐλάτη</em></strong></span> <span class='ocrx_word' id='word_1_199' title='bbox 274 2849 340 2916; x_wconf 87' lang='grc' dir='ltr'><strong><em>τινὶ</em></strong></span> <span class='ocrx_word' id='word_1_200' title='bbox 372 2858 472 2917; x_wconf 86' lang='grc' dir='ltr'><strong><em>θεῖσα</em></strong></span> <span class='ocrx_word' id='word_1_201' title='bbox 503 2855 540 2918; x_wconf 92' lang='grc' dir='ltr'><strong><em>τὸ</em></strong></span> <span class='ocrx_word' id='word_1_202' title='bbox 568 2855 703 2918; x_wconf 90' lang='grc' dir='ltr'><strong><em>παιδίον</em></strong></span> <span class='ocrx_word' id='word_1_203' title='bbox 734 2864 991 2940; x_wconf 75' lang='grc' dir='ltr'><strong><em>ψυχορραγοῦν,</em></strong></span> <span class='ocrx_word' id='word_1_204' title='bbox 1028 2855 1072 2931; x_wconf 84' lang='grc' dir='ltr'><strong><em>ὡς</em></strong></span> <span class='ocrx_word' id='word_1_205' title='bbox 1108 2857 1153 2940; x_wconf 81' lang='grc' dir='ltr'><strong><em>μὴ</em></strong></span> <span class='ocrx_word' id='word_1_206' title='bbox 1168 2878 1196 2918; x_wconf 75' lang='grc' dir='ltr'><strong><em>νε</em></strong></span> 
     </span>
     <span class='ocr_line' id='line_1_27' title="bbox 139 2957 1154 3047; baseline 0 -23"><span class='ocrx_word' id='word_1_207' title='bbox 139 2960 309 3044; x_wconf 85' lang='grc' dir='ltr'><strong><em>παρούσης</em></strong></span> <span class='ocrx_word' id='word_1_208' title='bbox 331 2961 393 3043; x_wconf 80' lang='grc' dir='ltr'><strong><em>τὴν</em></strong></span> <span class='ocrx_word' id='word_1_209' title='bbox 417 2961 527 3044; x_wconf 81' lang='grc' dir='ltr'><strong><em>ψυχὴν</em></strong></span> <span class='ocrx_word' id='word_1_210' title='bbox 550 2959 630 3045; x_wconf 76' lang='grc' dir='ltr'><strong><em>ἀφῇ,</em></strong></span> <span class='ocrx_word' id='word_1_211' title='bbox 652 2957 771 3047; x_wconf 80' lang='grc' dir='ltr'><strong><em>προῄει</em></strong></span> <span class='ocrx_word' id='word_1_212' title='bbox 788 2959 997 3046; x_wconf 88' lang='grc' dir='ltr'><strong><em>πορρωτέρω.</em></strong></span> <span class='ocrx_word' id='word_1_213' title='bbox 1044 2961 1154 3044; x_wconf 79' lang='lat'>&lt;219&gt;</span> 
     </span>
     <span class='ocr_line' id='line_1_28' title="bbox 141 3063 1156 3152; baseline 0.001 -22"><span class='ocrx_word' id='word_1_214' title='bbox 141 3067 314 3151; x_wconf 82' lang='grc' dir='ltr'><strong><em>συντυχὼν</em></strong></span> <span class='ocrx_word' id='word_1_215' title='bbox 347 3063 379 3130; x_wconf 86' lang='grc' dir='ltr'><strong><em>δ’</em></strong></span> <span class='ocrx_word' id='word_1_216' title='bbox 416 3065 497 3150; x_wconf 74' lang='grc' dir='ltr'><strong><em>αὐτῇ</em></strong></span> <span class='ocrx_word' id='word_1_217' title='bbox 533 3071 627 3142; x_wconf 87' lang='grc' dir='ltr'><strong><em>θεῖος</em></strong></span> <span class='ocrx_word' id='word_1_218' title='bbox 663 3067 801 3149; x_wconf 76' lang='grc' dir='ltr'><strong><em>ἄγγελος</em></strong></span> <span class='ocrx_word' id='word_1_219' title='bbox 832 3070 941 3151; x_wconf 83' lang='grc' dir='ltr'><strong><em>πηγήν</em></strong></span> <span class='ocrx_word' id='word_1_220' title='bbox 974 3090 1008 3131; x_wconf 91' lang='grc' dir='ltr'><strong><em>τε</em></strong></span> <span class='ocrx_word' id='word_1_221' title='bbox 1040 3066 1156 3152; x_wconf 81' lang='grc' dir='ltr'><strong><em>φράζει</em></strong></span> 
     </span>
     <span class='ocr_line' id='line_1_29' title="bbox 139 3169 1155 3258; baseline 0.003 -23"><span class='ocrx_word' id='word_1_222' title='bbox 139 3170 395 3255; x_wconf 87' lang='grc' dir='ltr'><strong><em>παρακειμένην,</em></strong></span> <span class='ocrx_word' id='word_1_223' title='bbox 417 3169 473 3235; x_wconf 84' lang='grc' dir='ltr'><strong><em>καὶ</em></strong></span> <span class='ocrx_word' id='word_1_224' title='bbox 487 3172 614 3236; x_wconf 86' lang='grc' dir='ltr'><strong><em>κελεύει</em></strong></span> <span class='ocrx_word' id='word_1_225' title='bbox 632 3183 791 3256; x_wconf 88' lang='grc' dir='ltr'><strong><em>προνοεῖν</em></strong></span> <span class='ocrx_word' id='word_1_226' title='bbox 810 3180 867 3254; x_wconf 81' lang='grc' dir='ltr'><strong><em>τῆς</em></strong></span> <span class='ocrx_word' id='word_1_227' title='bbox 884 3172 1073 3258; x_wconf 80' lang='grc' dir='ltr'><strong><em>ἀνατροφῆς</em></strong></span> <span class='ocrx_word' id='word_1_228' title='bbox 1095 3184 1155 3238; x_wconf 89' lang='grc' dir='ltr'><strong><em>τοῦ</em></strong></span> 
     </span>
     <span class='ocr_line' id='line_1_30' title="bbox 140 3275 1157 3362; baseline 0.002 -21"><span class='ocrx_word' id='word_1_229' title='bbox 140 3278 291 3342; x_wconf 85' lang='grc' dir='ltr'><strong><em>παιδίου·</em></strong></span> <span class='ocrx_word' id='word_1_230' title='bbox 320 3276 445 3360; x_wconf 89' lang='grc' dir='ltr'><strong><em>μεγάλα</em></strong></span> <span class='ocrx_word' id='word_1_231' title='bbox 472 3277 535 3362; x_wconf 81' lang='grc' dir='ltr'><strong><em>γάρ</em></strong></span> <span class='ocrx_word' id='word_1_232' title='bbox 565 3276 670 3360; x_wconf 79' lang='grc' dir='ltr'><strong><em>αὐτὴν</em></strong></span> <span class='ocrx_word' id='word_1_233' title='bbox 694 3275 805 3359; x_wconf 79' lang='grc' dir='ltr'><strong><em>ἀγαθὰ</em></strong></span> <span class='ocrx_word' id='word_1_234' title='bbox 827 3276 1017 3361; x_wconf 90' lang='grc' dir='ltr'><strong><em>περιμένειν</em></strong></span> <span class='ocrx_word' id='word_1_235' title='bbox 1041 3277 1078 3343; x_wconf 85' lang='grc' dir='ltr'><strong><em>ἐκ</em></strong></span> <span class='ocrx_word' id='word_1_236' title='bbox 1100 3289 1157 3362; x_wconf 78' lang='grc' dir='ltr'><strong><em>τῆς</em></strong></span> 
     </span>
     <span class='ocr_line' id='line_1_31' title="bbox 137 3380 1198 3469; baseline 0.001 -22"><span class='ocrx_word' id='word_1_237' title='bbox 137 3381 313 3468; x_wconf 79' lang='grc' dir='ltr'><strong><em>Ἰσμαήλου</em></strong></span> <span class='ocrx_word' id='word_1_238' title='bbox 333 3385 503 3466; x_wconf 90' lang='grc' dir='ltr'><strong><em>σωτηρίας.</em></strong></span> <span class='ocrx_word' id='word_1_239' title='bbox 539 3381 560 3466; x_wconf 77' lang='grc' dir='ltr'>ἣ</span> <span class='ocrx_word' id='word_1_240' title='bbox 581 3380 610 3447; x_wconf 87' lang='grc' dir='ltr'><strong><em>δ’</em></strong></span> <span class='ocrx_word' id='word_1_241' title='bbox 635 3381 800 3468; x_wconf 86' lang='grc' dir='ltr'><strong><em>ἐθάρρησε</em></strong></span> <span class='ocrx_word' id='word_1_242' title='bbox 822 3394 892 3459; x_wconf 89' lang='grc' dir='ltr'><strong><em>τοῖς</em></strong></span> <span class='ocrx_word' id='word_1_243' title='bbox 914 3390 1156 3469; x_wconf 87' lang='grc' dir='ltr'><strong><em>προκατηγγελ-</em></strong></span> <span class='ocrx_word' id='word_1_244' title='bbox 1170 3408 1198 3448; x_wconf 78' lang='lat' dir='ltr'><strong><em>so</em></strong></span> 
     </span>
     <span class='ocr_line' id='line_1_32' title="bbox 212 3502 584 3570; baseline 0.003 -13"><span class='ocrx_word' id='word_1_245' title='bbox 212 3502 437 3570; x_wconf 73' lang='lat' dir='ltr'>§215=Gen.</span> <span class='ocrx_word' id='word_1_246' title='bbox 457 3503 523 3557; x_wconf 83' lang='lat' dir='ltr'><strong><em>xxl</em></strong></span> <span class='ocrx_word' id='word_1_247' title='bbox 543 3510 584 3558; x_wconf 79' lang='grc' dir='ltr'><strong><em>ιο.</em></strong></span> 
     </span>
    </p>
   </div>
   <div class='ocr_carea' id='block_1_3' title="bbox 0 0 1243 3848">
    <p class='ocr_par' dir='ltr' id='par_1_8' title="bbox 0 0 1243 3848">
     <span class='ocr_line' id='line_1_33' title="bbox 0 0 1243 3848; baseline 0 0"><span class='ocrx_word' id='word_1_248' title='bbox 0 0 1243 3848; x_wconf 95' lang='lat' dir='ltr'><strong><em> </em></strong></span> 
     </span>
    </p>
   </div>
  </div>
 </body>
</html>
