2460 3848
74 138 137 203 100
441 131 714 184 APwaAomz

67 303 275 385 χθησόμενος
297 297 363 362 ὑπὸ
387 304 448 362 τοῦ
470 300 556 359 θεοῦ
579 301 639 358 τοῦ
661 289 796 356 πάντων
818 290 952 373 πατρός,
974 287 1022 362 είς
1046 285 1089 351 ὃν

68 407 149 470 κατά
168 407 349 471 κοινωνίαν
367 401 423 467 καὶ
437 401 537 476 αὐτὸς
554 407 615 464 τοῦ
629 398 790 482 ὀνόματος
804 395 953 478 εὐσεβεῖν
968 391 1089 476 δόξεις,

68 522 128 576 τοῦ
156 507 317 595 ἡμετέρου
348 509 472 593 πατρὸς
501 501 614 570 οἶκτον
642 504 755 588 λαβὼν
783 499 835 586 ἐφ’
863 491 912 578 οἷς
941 502 1089 564 πείσεται

70 627 137 682 τῶν
155 617 285 680 παίδων
305 613 534 698 στερούμενος.
580 609 689 693 <153>
708 612 769 675 σὸν
788 603 863 691 οὖν,
885 606 906 672 δ
924 604 1090 692 παρέσχεν

68 721 150 804 ἡμῖν
169 720 186 785 ὁ
205 723 298 802 θεός,
321 714 411 784 ταῦτ’
436 713 542 802 ἔχοντ’
565 715 720 794 ἐξουσίαν
738 713 934 800 ἀφελέσθαι,
957 716 1119 796 δοῦναι,τ

68 823 124 892 καὶ
147 821 252 909 μηδέν
275 823 406 890 ἐκείνου
430 825 612 906 διενεγκεῖν
638 832 677 908 τῇ
706 822 823 908 χάριτι.
868 830 925 905 τῆς
947 821 1010 906 γάρ
1034 815 1087 885 ἐπ’

70 929 260 1016 ἀμφότερον
278 931 453 1014 δυνάμεως
471 934 669 1016 τετυχηκότα
692 931 796 994 καλὸν
814 929 937 1012 ταύτην
960 925 997 991 έν
1020 934 1092 1002 τοῖς

71 1035 211 1120 ἀγαθοῖς
240 1037 511 1120 ἐπιδείκνυσθαι,
540 1036 595 1103 καὶ
622 1037 730 1121 παρὸν
753 1033 808 1100 καὶ
831 1033 1011 1100 ἀπολλύειν
1032 1040 1092 1115 τῆς

71 1137 133 1227 μέν
156 1144 238 1208 κατά
261 1139 353 1209 τοῦτ’
382 1142 532 1221 ἐξουσίας
554 1143 599 1221 ώς
621 1138 698 1227 μηδ’
725 1140 936 1226 ὑπαρχούσης
958 1136 1093 1203 ἐπιλαν-

70 1249 257 1334 θάνεσθαι,
286 1252 393 1334 μόνον
421 1246 453 1315 δ’
482 1249 718 1336 ἐπιτετράφθαι
746 1250 783 1313 τὸ
807 1246 922 1324 σώζειν
942 1244 1094 1328 ὑπολαμ-
1109 1267 1136 1306 ιο

72 1355 206 1439 βάνειν,
237 1353 291 1422 καὶ
321 1355 391 1451 όσφ
424 1379 472 1433 τις
499 1359 629 1422 πλείοσι
656 1364 754 1420 τοῦτο
783 1350 937 1438 παρέξει,
964 1355 1094 1434 μᾶλλον

72 1459 161 1549 αὑτῷ
188 1465 372 1548 φαίνεσθαι
401 1464 547 1528 διδόντα.
594 1461 706 1545 <154>
731 1462 773 1526 σὺ
801 1455 840 1525 δέ
861 1458 985 1534 πάντας
1007 1457 1096 1540 ἡμᾶς

73 1568 207 1652 σώσεις,
234 1567 388 1655 τάδελφῷ
418 1571 583 1652 συγγνούς
609 1564 693 1653 ὑπὲρ
721 1560 768 1632 ών
796 1566 967 1652 ἠτύχηκεν.
1013 1561 1095 1629 οὐδὲ

73 1675 137 1759 γδιρ
167 1674 247 1758 ἡμῖν
275 1676 420 1759 βιώσιμα
449 1676 570 1741 τούτου
595 1671 839 1755 κολασθέντος,
867 1663 917 1748 οἷς
944 1694 980 1753 γε
1011 1672 1096 1755 πρὸς

73 1781 134 1846 τὸν
147 1777 271 1865 πατέρα
285 1781 328 1864 μη
345 1778 470 1858 ἔξεστιν
489 1779 706 1865 ἀνασωθῆναι
724 1769 851 1863 μόνοις,
874 1774 946 1843 ἀλλ’
970 1775 1096 1842 ε’νθάδε
1111 1796 1137 1837 ιε

74 1886 129 1950 δεῖ
143 1894 347 1968 κοινωνῆσαι
365 1888 471 1974 τούτῳ
490 1894 547 1969 τῆς
565 1886 665 1969 αὐτῆς
682 1894 911 1971 καταστροφῆς
927 1893 988 1950 τοῦ
1006 1886 1095 1967 βίου.

75 1990 184 2074 <155>
206 1990 262 2056 καὶ
285 2001 384 2059 τοῦτο
408 2002 471 2058 σοῦ
496 1993 704 2076 δεησόμεθα,
734 1989 912 2077 στρατηγέ,
941 1993 1096 2075 κατακρί-

74 2117 194 2174 ναντος
216 2099 275 2163 τὸν
301 2097 449 2184 ἀδελφὸν
471 2100 566 2183 ἡμῶν
590 2097 791 2182 ἀποθανεῖν,
815 2097 1017 2181 συγκολάσαι
1040 2095 1097 2162 καλ

75 2203 160 2287 ημᾶς
174 2203 218 2280 ώς
231 2215 295 2272 τοῦ
310 2205 509 2291 ἀδικήματος
526 2209 816 2290 κεκοινωνηκότας.
858 2206 899 2271 οὐ
917 2205 980 2289 γάρ
999 2201 1097 2281 ἀξιώ-

77 2324 179 2393 σομεν
212 2309 304 2393 ἡμεῖς
337 2312 381 2388 ὡς
409 2311 461 2377 ἐπὶ
489 2314 576 2398 λύπη
603 2316 804 2397 τεθνηκότος
830 2310 997 2396 τάδελφοῦ
1020 2307 1097 2375 έαυ-
1112 2329 1139 2369 εο

76 2418 155 2492 τοὺς
173 2414 316 2499 ἀνελεῖν,
340 2415 411 2482 ἀλλ’
440 2418 484 2494 ὡς
503 2418 624 2502 ὁμοίως
647 2419 736 2505 αὐτῷ
760 2416 901 2503 πονηροὶ
923 2420 1097 2501 γεγονότες

77 2520 183 2598 οὕτως
203 2521 409 2595 ἀποθανεῖν.
456 2524 565 2606 <156>
596 2521 650 2588 καὶ
684 2524 734 2588 ότι
765 2520 827 2608 μέν
858 2523 913 2589 καὶ
943 2521 1018 2601 νέος
1048 2524 1097 2589 ών

77 2620 200 2712 ἥμαρτε
233 2625 288 2692 καὶ
321 2630 416 2712 μήπω
444 2638 490 2716 τῷ
519 2640 659 2716 φρονεῖν
687 2628 938 2715 ἐρηρεισμένος,
969 2629 1024 2713 καὶ
1053 2630 1098 2707 ώς

79 2730 297 2818 ἀνθρώπινον
311 2745 380 2811 τοῖς
393 2736 556 2812 τοιούτοις
569 2737 771 2820 συγγνώμην
784 2734 909 2821 νέμειν,
932 2735 986 2803 σοὶ
999 2759 1097 2801 κατα-

79 2839 186 2906 λιπών
208 2841 379 2925 παύσομαι
397 2839 578 2928 περαιτέρω
598 2840 718 2927 λέγειν,
741 2841 785 2908 ἵν’
807 2845 840 2908 εί
860 2840 922 2927 μέν
944 2847 1097 2927 κατακρί-
1112 2861 1139 2901 25

79 2968 171 3024 νειας
192 2947 298 3031 ἡμῶν,
322 2948 361 3012 τά
380 2949 423 3032 μη
444 2947 604 3033 λεχθέντα
628 2948 708 3036 δόξη
732 2949 933 3035 βεβλαφέναι
956 2953 1038 3035 πρὸς
1059 2953 1098 3015 τὸ

81 3056 361 3139 σκυθρωπότερον
379 3054 475 3139 ἡμᾶς,
497 3056 605 3139 <157>
624 3059 655 3120 εί
677 3054 708 3121 δ’
731 3056 939 3141 ἀπολύσειας,
962 3056 1098 3122 κάκεῖνα

79 3165 118 3242 τῇ
137 3169 264 3226 σαυτοῦ
283 3153 477 3245 χρηστότητι
497 3164 645 3228 συνιδών
668 3162 898 3250 ἀπεψηφίσθαι
922 3172 1098 3249 νομισθῇς,

80 3259 122 3329 ού
141 3265 250 3342 σώσας
269 3269 374 3349 μόνον
393 3266 489 3350 ἡμᾶς,
512 3266 596 3333 ἀλλά
619 3267 674 3333 καὶ
693 3263 741 3334 ὧν
769 3273 824 3336 διά
851 3281 948 3337 τοῦτο
973 3273 1098 3337 δικαιό-

82 3392 170 3455 τεροι
189 3377 318 3454 μᾶλλον
338 3374 537 3458 φανούμεθα
552 3387 665 3460 τυχεῖν
683 3381 905 3462 χαριζόμενος,
923 3376 978 3442 καὶ
995 3377 1098 3443 πλέον
1114 3397 1141 3436 ³0

153 3498 168 3558 ἓ
189 3499 239 3548 153
255 3521 289 3539 -=
304 3494 371 3549 Gen.
392 3494 479 3550 XLIV
498 3502 540 3552 32.
