2460 3848
72 149 137 214 206
440 152 713 206 ΔΡΧΑΙΟΛΟΓΙΑΣ

71 322 181 398 τιμῆς,
212 313 276 379 κάν
302 313 487 400 ὑστερῶσιν
519 307 567 378 ὧν
595 313 675 397 ὑμῖν
708 309 744 376 ἐκ
770 311 917 376 πλοὺτου
944 307 1002 374 καὶ
1031 318 1088 392 τῆς

72 421 173 504 ἄλλης
200 419 364 499 ἀξιώσεως
391 420 539 506 ὑπάρχει.
585 420 671 502 <26>
694 417 750 484 καὶ
776 427 841 483 νῦν
861 413 1004 502 Ἀαρῶνι
1026 418 1087 500 την

73 527 258 613 ἱερωσύνην
289 527 351 593 οὑκ
382 525 495 610 ἐπειδη
527 527 659 614 πλούτῷ
691 534 823 611 προεῖχε
855 520 912 610 (σὺ
940 523 1004 608 γάρ
1033 520 1087 586 καὶ

72 629 279 718 ἀμφοτέρους
300 633 385 717 ἡμᾶς
412 631 547 717 μεγέθει
574 631 750 719 χρημάτων
772 626 1022 715 ὑπερβάλλεις),
1046 628 1087 694 οὑ

72 740 138 822 μην
161 734 231 803 οὔτ’
258 737 408 826 εὐγενείᾳ
432 736 562 825 (κοινὸν
584 739 647 824 γδιρ
670 739 751 822 ἡμῖν
774 732 862 803 τοῦτ’
889 733 1045 819 ἐποίησεν
1069 736 1113 801 6⁵

70 847 168 927 θεός,
198 846 258 910 τὸν
281 844 382 910 αὑτὸν
411 847 491 923 δοὺς
517 842 723 931 προπάτορα)
747 844 823 909 οῦτε
847 843 903 907 διὰ
930 843 1088 927 φιλαδελ-

70 954 170 1034 φίαν,
200 949 218 1014 δ
242 952 378 1028 δικαίως
406 951 449 1017 ἀν
472 951 581 1037 ἕτερος
603 946 687 1037 εἶχε,
719 959 818 1016 τοῦτο
842 947 955 1034 φέρων
979 950 1088 1013 έδωκα

70 1053 231 1143 τάδελφῷ.
278 1056 365 1140 <27>
381 1055 444 1122 καὶ
471 1058 535 1143 γάρ
564 1059 596 1121 εί
624 1058 669 1141 μη
699 1058 885 1141 φροντίζων
911 1063 972 1119 τοῦ
1001 1060 1087 1120 θεοῦ

70 1158 125 1226 καὶ
147 1172 214 1226 τῶν
236 1166 351 1247 νόμων
369 1165 431 1246 την
451 1165 550 1248 τιμην
573 1162 781 1249 ἐχαριζόμην,
803 1162 865 1228 οὐκ
888 1160 930 1226 ἀν
954 1159 1085 1247 ἐμαυτῷ

69 1264 185 1353 παρείς
221 1269 340 1333 δοῦναι
380 1267 546 1355 παρέσχον
583 1265 704 1356 έτέρφ,
746 1266 1002 1351 συγγενέστερος
1039 1267 1087 1330 ὢν
1101 1280 1126 1319 1⁰

71 1371 200 1462 ἐμαυτῷ
218 1372 398 1458 τάδελφοῦ,
416 1372 470 1439 καὶ
488 1377 571 1459 πρὸς
590 1373 732 1459 ἐμαυτὸν
746 1376 946 1458 οἰκειότερον
965 1371 987 1455 ἢ
1005 1374 1088 1457 πρὸς

71 1477 198 1544 ἐκεῖνον
214 1480 431 1564 διακείμενος·
454 1478 592 1564 καὶγὰρ
611 1475 691 1546 οὑδὲ
710 1481 850 1545 συνετὸν
870 1478 906 1543 έν
924 1487 994 1554 τοῖς
1016 1502 1087 1543 κιν-

72 1587 186 1662 δὺνοις
217 1585 360 1671 ἐμαυτὸν
389 1584 592 1651 ὑποτιθέντα
623 1597 693 1662 τοῖς
724 1584 760 1650 έκ
792 1594 852 1650 τοῦ
879 1594 1087 1670 παρανομεῖν

70 1693 160 1781 ἀλλφ
187 1694 249 1776 την
277 1693 333 1756 διά
359 1693 480 1758 τούτου
507 1692 724 1776 εὐδαιμονίαν
751 1694 952 1777 χαρίζεσθαι.
998 1690 1087 1774 <28>

71 1795 142 1862 ἀλλ’
170 1797 234 1880 ἐγώ
257 1821 292 1863 τε
310 1802 467 1884 κρείττων
486 1799 506 1882 ἢ
525 1809 735 1884 κακουργεῖν,
758 1798 777 1863 ὅ
799 1821 834 1862 τε
856 1800 937 1872 θεὸς
960 1795 1022 1862 οὐκ
1044 1794 1088 1860 ἀν
1102 1809 1127 1850 15

69 1905 235 1988 περιεῖδεν
263 1900 381 1968 ἑαυτὸν
408 1906 742 1988 καταφρονούμενον,
774 1900 847 1968 οὐδ’
873 1903 960 1986 ὑμᾶς
989 1901 1090 1984 άγνο-

71 2019 190 2098 οῦντας
213 2009 282 2074 ὅτι
300 2007 354 2074 καί
377 2019 551 2086 ποιοῦντες
574 2010 662 2098 αὐτῷ
686 2013 872 2095 χαρίζεσθε,
897 2005 969 2074 ἀλλ’
987 2009 1088 2085 αὐτὸς

70 2114 300 2201 ἐπιλεξάμενος
325 2119 385 2182 τὸν
414 2117 630 2202 ίερασόμενον
657 2115 745 2203 αὑτῷ
757 2165 767 2198 ,
800 2124 858 2198 τῆς
872 2117 966 2180 κατά
993 2102 1086 2181 τοῦτ’

70 2226 175 2300 αἰτίας
196 2224 282 2309 ἡμᾶς
299 2221 539 2308 ἠλευθέρωσεν.
586 2223 673 2306 <29>
694 2221 734 2287 οὐ
753 2223 819 2305 μην
838 2220 870 2300 ἐξ
895 2220 974 2305 έμῆς
996 2222 1089 2307 χάρι-

70 2352 125 2406 τος
147 2332 276 2415 λαβών,
303 2328 386 2395 ἀλλά
413 2330 495 2394 κατά
522 2333 633 2414 κρίσιν
655 2335 756 2410 θεοῦ,
785 2332 1003 2411 κατατίθησιν
1027 2328 1087 2391 αὑ-
1100 2341 1127 2381 20

69 2437 130 2518 την
154 2438 201 2511 είς
222 2434 324 2518 μέσον
348 2434 579 2517 ἐπιδικάσιμον
606 2445 675 2509 τοῖς
697 2432 932 2518 βουλομένοις,
965 2432 1001 2499 ἐκ
1023 2444 1085 2500 τοῦ

69 2539 263 2623 προκριθεὶς
285 2542 348 2623 ἤδη
377 2551 489 2625 τυχεῖν
517 2540 618 2622 αὐτῆς
640 2539 740 2616 ἀξιῶν
764 2539 998 2626 ἐπιτραπῆναι,
1027 2538 1083 2604 καὶ

69 2646 107 2709 τὸ
138 2654 202 2709 νῦν
234 2645 322 2732 αὑτῷ
361 2650 618 2731 συγχωρηθῆναι
649 2643 724 2730 περὶ
756 2646 856 2729 αὐτῆς
888 2646 1086 2730 σπουδάσαι,

69 2751 156 2834 <30>
178 2762 348 2835 προτιμῶν
375 2762 434 2818 τοῦ
464 2753 501 2817 τὸ
525 2749 623 2836 γέρας
649 2754 735 2837 ἔχειν
766 2755 803 2818 τὸ
827 2755 871 2836 μη
896 2753 1086 2830 στασιάζον-

68 2882 126 2934 τας
147 2858 232 2943 ὑμάς
255 2858 349 2944 ὁράν,
372 2861 479 2923 καίτοι
497 2859 578 2922 κατὰ
596 2859 657 2941 την
679 2857 840 2942 ὑμετέραν
864 2859 1002 2943 γνώμην
1024 2859 1083 2923 αὑ·
1097 2873 1123 2913 2⁵

69 2976 129 3032 τοῦ
142 2964 329 3051 τυγχάνων·
354 2964 453 3049 δγάρ
473 2966 597 3029 ἔδωκεν
616 2965 633 3030 ὁ
652 2966 743 3046 θεός,
767 2963 827 3049 οὐχ
852 2963 1083 3050 ἁμαρτάνομεν

69 3083 167 3138 τοῦτο
199 3068 254 3137 καὶ
285 3072 330 3155 μη
361 3068 577 3155 βουλομένων
607 3070 703 3154 ὑμῶν
736 3071 850 3152 λαβεῖν
886 3075 1083 3154 νομίζοντες.

69 3178 156 3262 <31>
178 3173 221 3260 ἦν
246 3173 283 3242 δὲ
305 3174 361 3241 καὶ
387 3179 423 3242 τὸ
452 3178 496 3260 μη
519 3174 703 3262 προσέσθαι
731 3173 932 3261 παρέχοντος
955 3177 1085 3242 ἐκείνου

69 3286 131 3368 τὴν
153 3285 251 3367 τιμὴν
274 3280 405 3366 ἀσεβές,
435 3280 490 3347 καὶ
512 3282 613 3348 πάλιν
636 3280 751 3358 ἀξιοῦν
774 3283 861 3364 ἔχειν
885 3283 932 3357 είς
955 3283 1083 3346 ἅπαντα

67 3394 193 3476 χρόνον
223 3392 267 3474 μη
297 3390 358 3472 τὴν
386 3388 570 3474 ἀσφάλειαν
597 3389 658 3471 την
682 3383 731 3451 ἐπ’
759 3386 840 3471 αὐτῇ
868 3392 1084 3470 βεβαιοῦντος
1098 3402 1124 3442 ³⁰

122 3519 199 3580 §26
213 3511 349 3570 =Num.
370 3477 472 3570 xvl'5
