2460 3848
105 141 149 206 60
469 141 742 194 ΔΡΧΑΙΟΔΟΓῙΑΣ

104 301 199 390 με’νη,
221 300 276 368 καὶ
298 312 355 388 τῆς
378 303 501 387 ἡδονῆς
524 304 568 386 μὴ
592 301 808 387 ἀφαιρεῖσθαι
830 302 868 366 τὸ
891 299 994 366 πλέον
1017 300 1119 366 αὐτὸν

103 411 324 495 βραδύνοντα.
338 454 342 461 -

68 532 84 581 6
172 517 281 599 <293>
303 513 399 610 ,ταῦτ’
432 517 571 580 εἰποῦσα
598 517 787 599 παρήγαγεν
816 515 918 580 αὐτὸν
945 515 1028 598 πρὸς
1058 515 1118 579 τὸν

104 623 273 705 Λάβανον.
319 618 373 685 καὶ
397 616 597 705 γνωρισθεὶς
624 619 689 686 ὑπὸ
712 631 773 687 τοῦ
796 625 945 706 μήτρωος
967 618 1065 694 αὐτός
1088 617 1115 683 τ’

104 724 203 810 ἀδεὴς
225 722 267 810 ην
292 725 328 791 ἐν
351 729 461 811 φίλοις
484 729 677 810 γενόμενος,
706 726 870 804 κάκείνοις
891 726 1018 809 πολλὴν
1041 725 1119 808 ἡδο·
1133 741 1146 782 ⁵

103 834 169 916 νην
190 841 288 917 παρεί
288 855 347 916 χεν
370 831 577 916 άδοκητωςέ
577 835 739 916 πιφανείς
715 832 894 915 ς<294>
913 831 1054 915 μετάδ’
1079 830 1120 896 οὐ

103 939 227 1014 πολλάς
240 937 363 1024 ἡμέρας
377 939 395 1004 ὁ
410 938 565 1022 Λάβανος
578 963 619 1024 χα
621 942 781 1024 ίρεινν
720 921 781 1022 μὲν
800 935 849 1002 ἐπ’
872 937 961 1002 αὐτῶ
980 940 1147 1022 παρόντι

104 1047 175 1128 μειζ
160 1047 260 1122 ζίνως
287 1044 308 1128 ἢ
339 1045 383 1121 ώς
406 1053 451 1132 τῷ
476 1047 564 1133 λόγῳ
588 1046 770 1129 δηλώσειεν
793 1045 902 1127 ἔλεγε,
929 1003 990 1127 ίὴν
1014 1041 1044 1106 δ’
1072 1046 1142 1108 αί-·

104 1154 177 1215 τίαν
201 1147 246 1214 δι’
273 1151 316 1232 ἣν
344 1148 478 1235 ἀφῖκται
506 1149 630 1234 μητέρα
656 1173 691 1214 τε
714 1147 769 1238 καὶ
791 1148 915 1234 πατέρα
937 1149 1122 1234 πρεσβύτας

104 1257 293 1320 καταλιπὼν
319 1253 375 1319 καὶ
403 1257 583 1339 θεραπείας
612 1262 669 1337 τῆς
698 1251 774 1339 παρ’
802 1253 905 1319 αὐτοῦ
930 1253 1120 1338 δεομένους,
1134 1272 1161 1310 1⁰
1206 1321 1208 1323 ,

105 1360 367 1426 ἀνεπυνθάνετο·
400 1358 554 1446 παρέξειν
586 1361 649 1445 γάρ
679 1360 767 1449 αὐτῷ
796 1358 851 1425 καὶ
877 1362 959 1445 πρὸς
991 1362 1121 1427 άπασαν

105 1466 285 1551 ἐπαμυνεῖν
303 1470 425 1552 χρείαν.
466 1467 581 1551 -<295>
592 1464 746 1551 Ἰάκωβος
764 1463 797 1530 δ’
820 1466 908 1555 αὐτῶ
927 1476 1037 1532 πᾶσαν
1060 1469 1121 1552 την

104 1575 213 1638 αίτίαν
237 1575 400 1656 διηγεῖτο,
428 1569 535 1655 λέγων
559 1570 675 1662 Ἰσάκφ
705 1569 863 1655 γενέσθαι
885 1577 1005 1650 παῖδας
1028 1576 1121 1639 διδύ-

104 1703 197 1763 μους,
220 1679 323 1745 αὐτόν
342 1702 376 1744 τε
398 1677 453 1744 καὶ
468 1677 632 1763 ’Ἠσαυον,
655 1679 712 1763 ὅν,
736 1676 806 1744 ἐπεὶ
828 1690 895 1744 τῶν
918 1689 978 1745 τοῦ
1000 1682 1122 1765 πατρὸς

104 1785 211 1870 εὐχῶν
231 1787 393 1871 διήμαρτε
404 1784 506 1872 σοφίᾳ
519 1793 577 1868 τῆς
596 1788 718 1870 μητρὸς
736 1787 783 1862 είς
801 1785 903 1850 αὐτὸν
921 1783 1121 1871 γενομένων,
1136 1802 1161 1844 1⁶

104 1890 295 1956 ἀποκτείναι
320 1893 426 1975 ζητεῖν
450 1890 552 1957 αὐτὸν
572 1891 616 1967 ὡς
634 1889 848 1976 ἀφῃρημένου
870 1899 928 1974 τῆς
950 1894 1039 1977 παρὰ
1062 1902 1122 1957 τοῦ

104 2003 190 2063 θεοῦ
209 2000 377 2081 βασιλείας
395 1994 449 2061 καὶ
468 1995 607 2078 ἀγαθῶν
622 1989 669 2060 ὧν
689 1996 707 2061 ὁ
726 1997 831 2081 πατὴρ
854 1995 990 2081 ηὔξατο·
1015 1997 1122 2079 <296>

104 2105 227 2189 ταύτην
245 2102 273 2169 τ’
291 2099 377 2170 εἶναι
396 2104 458 2187 την
477 2105 586 2168 αίτίαν
608 2111 666 2185 τῆς
688 2101 811 2168 ἐνθάδε
835 2106 1018 2188 παρουσίας
1040 2103 1122 2172 κατὰ

103 2212 164 2294 τὴν
194 2221 251 2295 τῆς
280 2213 401 2296 μητρὸς
429 2209 581 2293 ἐντολήν·
612 2209 710 2275 “πάσί
735 2233 769 2275 τε
792 2212 855 2295 γάρ
878 2210 958 2293 ἡμίν
982 2207 1122 2293 ἀδελφοὶ

104 2317 316 2401 τυγχάνουσι,
339 2314 394 2380 καὶ
417 2313 519 2380 πλέον
542 2325 603 2382 τοῦ
625 2313 695 2380 κατ’
725 2315 871 2392 ἐκείνους
894 2324 1076 2398 συγγενοῦς
1099 2314 1161 2397 ἡν)

105 2423 211 2504 μήτηρ
234 2420 492 2506 προσλαμβάνει.
538 2423 643 2506 ἔρυμα
662 2417 700 2486 δὲ
718 2431 774 2504 τῆς
793 2420 881 2504 ἐμῆς
900 2424 1003 2505 φησίν
1027 2419 1118 2485 “άπο-
1180 2410 1184 2416 ’

105 2527 225 2608 δημίας
256 2524 296 2589 σε’
326 2548 359 2590 τε
391 2522 446 2590 καὶ
478 2528 537 2591 τὸν
568 2528 652 2591 θεὸν
679 2527 877 2608 ποιούμενος
906 2532 1022 2612 θαρρῶ
1051 2537 1120 2603 τοῖς

106 2628 271 2716 παροῦσι]

53 2766 56 2773 ·
172 2734 282 2819 <297>
311 2737 465 2821 Λάβανος
496 2734 534 2802 δὲ
564 2734 619 2802 καὶ
646 2738 701 2801 διά
729 2740 807 2814 τοὺς
834 2742 1020 2823 προγόνους
1047 2738 1122 2803 ὑπι-

105 2854 250 2928 σχνεῖται
278 2842 383 2925 πάσης
410 2843 498 2930 αὐτῶ
528 2844 730 2927 μεταδώσειν
759 2848 1034 2929 φιλανθρωπίας,
1066 2843 1121 2909 καὶ
1135 2861 1161 2903 25

105 2950 161 3012 διά
191 2950 252 3033 τὴν
281 2946 422 3033 μητέρα,
453 2951 535 3033 πρὸς
562 2948 605 3032 ἣν
633 2950 694 3032 τὴν
724 2949 861 3014 εὔνοιαν
892 2950 947 3013 διά
969 2959 1027 3033 τῆς
1049 2949 1124 3035 περὶ

107 3054 209 3119 αὐτὸν
229 3056 377 3138 σπουδῆς
396 3053 603 3132 ἐνδειξεσθαι
617 3053 672 3119 καὶ
691 3055 735 3138 μὴ
754 3056 936 3139 παρούσης·
959 3059 1125 3140 ποιμνίων

72 3175 86 3222 7
105 3181 140 3222 τε
159 3160 222 3243 γάρ
242 3159 345 3223 αὐτὸν
364 3158 560 3245 ἐπιμελητὴν
583 3163 799 3244 καταστήσειν
823 3164 943 3246 ἔφασκε
966 3159 1021 3226 καὶ
1044 3184 1124 3246 προ-
1224 3177 1227 3183 “

108 3266 226 3346 νομίας
258 3261 331 3327 ἀντὶ
360 3267 488 3330 τούτων
517 3265 690 3349 ἀξιώσειν,
722 3264 777 3330 καὶ
804 3269 886 3351 πρὸς
913 3270 989 3343 τοὺς
1017 3268 1125 3343 ίδίους

106 3368 372 3434 ἀπαλλάττεσθαι
400 3383 508 3453 γονεῖς
535 3375 742 3456 βουλόμενον
770 3373 849 3455 μετά
878 3374 997 3457 δώρων
1026 3372 1123 3437 ἐπαν-
1137 3393 1164 3432 ιο

176 3496 191 3558 ξ
211 3496 264 3547 293
280 3517 313 3538 =
329 3491 396 3546 Gen.
411 3491 505 3546 XXIX
525 3499 566 3547 13.
