2460 3848
121 118 189 184 332
490 122 764 176 ΔΡΧΑῙΟΔΟΓΙΔΣ

120 288 299 366 φωνήσθαι
330 286 544 367 παραγίνεται
575 285 659 367 πρὸς
688 284 801 349 αὐτόν.
845 282 887 348 οὐ
915 282 1079 368 φαμένου
1107 282 1136 349 δὲ

120 386 255 454 καλέσαι
282 398 342 454 τοῦ
369 385 564 474 ἀρχιερέως,
591 389 610 455 δ
637 391 718 467 θεὸς
745 391 793 466 είς
818 387 889 473 τρὶς
916 399 1023 456 τοῦτο
1047 403 1134 458 ποιεῖ.

120 495 230 578 <349>
253 493 309 560 καλ
332 492 425 560 Ἠλεὶ
452 497 664 573 διυπνισθείς
689 515 772 581 φησι
798 497 881 581 πρδς
907 495 1019 561 αὐτόν
1051 493 1132 562 ‘cm’

120 598 185 683 ἐγὼ
203 598 277 684 μέν,
299 602 489 684 Σαμούηλε,
511 603 610 686 σιγήν
628 602 673 678 ὡς
694 600 751 667 καλ
772 603 810 668 τὸ
832 598 914 687 πρὶν
936 597 1040 686 ἦγον,
1063 605 1135 678 θεὸς

120 703 150 770 δ’
174 704 264 772 ἐστὶν
282 707 301 773 δ
320 710 439 772 καλῶν.
475 707 560 773 ἀλλὰ
578 712 719 792 σήμαινε
737 710 821 792 πρδς
837 707 941 774 αύτδν
961 708 1017 773 ὅτι
1037 729 1149 796 παρα-ι

120 810 296 896 τυγχάνω.’
342 809 397 876 καὶ
419 823 479 879 τοῦ
501 820 586 880 θεοῦ
608 811 842 900 φθεγξαμένου
864 813 969 879 πάλιν
992 813 1134 891 ἀκούσας

119 915 213 1000 ήξίου
240 921 354 983 λαλεῖν
381 916 436 983 έπλ
461 929 531 996 τοῖς
557 917 751 1004 χρωμένοις·
779 919 820 983 ού
846 920 910 1005 γὰρ
940 919 1133 1007 ὑστερήσειν

118 1022 222 1087 αὐτὸν
252 1020 304 1106 ἐφ’
332 1015 383 1100 οἷς
403 1027 557 1108 θελήσειε
580 1026 759 1101 διακονίας.
803 1025 912 1107 (350)
935 1023 993 1090 καὶ
1018 1027 1039 1092 δ
1062 1029 1134 1102 θεός

119 1127 226 1193 (έπεί’
249 1133 335 1213 φησί
354 1129 643 1216 (παρατυγχάνεις,
665 1131 818 1214 μάνθανε
836 1132 1019 1215 συμφορὰν
1035 1129 1133 1219 Ἰσρα-

118 1238 245 1318 ηλίταις
258 1233 420 1320 ἐσομένην
441 1239 544 1319 λόγου
562 1240 694 1320 μείζονα
712 1234 768 1301 καὶ
785 1240 925 1313 πίστεως
942 1248 1016 1314 τοῖς
1034 1261 1132 1326 παρα·
1142 1256 1156 1297 1⁸

118 1341 338 1426 τυγχάνουσι,
368 1339 525 1419 καὶτοὺς
547 1339 640 1406 Ἠλεὶ
664 1338 702 1406 δὲ
730 1344 850 1418 παῖδας
871 1339 980 1431 ἡμέρα
1002 1355 1068 1433 μιᾷ
1089 1368 1132 1409 τε·

117 1445 358 1532 θνηξομένους,
370 1446 425 1513 καὶ
439 1450 501 1532 τήν
515 1449 702 1532 ἱερωσύνην
715 1445 999 1532 μετελευσομένην
1013 1453 1065 1528 είς
1078 1453 1133 1534 τήν

115 1547 309 1639 Ἐλεαζάρου
328 1555 451 1620 οίκίαν·
471 1551 564 1619 Ἠλεὶ
585 1555 651 1640 γὰρ
668 1563 726 1639 τῆς
748 1554 827 1639 ἐμῆς
847 1557 1034 1638 θεραπείας
1057 1562 1132 1640 μᾶλ-

118 1664 180 1725 λον
197 1663 276 1735 τοὺς
292 1661 389 1737 υίοδς
405 1657 462 1724 καὶ
479 1662 568 1745 παρὰ
581 1663 619 1725 τὸ
640 1657 814 1746 συμφέρον
831 1660 945 1737 αὐτοῖς
962 1661 1133 1746 ἠγάπησεῖ

118 1765 227 1846 <351>
250 1775 352 1830 ταῦτα
374 1765 574 1849 βιασάμενος
596 1765 708 1850 ὅρκοις
730 1767 835 1831 εἰπεῖν
857 1766 947 1852 αὐτῷ
971 1769 1033 1832 τὸν
1057 1791 1133 1855 προ·
1144 1783 1159 1826 1⁵

118 1873 228 1954 φήτην
247 1867 343 1934 Ἠλεί
371 1868 428 1956 (ού
453 1870 517 1954 γὰρ
547 1869 704 1954 ἐβούλετο
733 1876 851 1936 λυπεῖν
878 1870 982 1936 αὐτὸν
1010 1872 1133 1960 λέγων)
1162 1882 1164 1886 ’

118 1978 166 2040 ἔτι
189 1980 317 2060 μᾶλλον
338 1973 554 2060 βεβαιοτέραν
579 1971 647 2062 εἶχε
673 1978 735 2060 τὴν
758 1979 963 2062 προσδοκίαν
985 1988 1046 2062 τῆς
1070 1994 1134 2047 τῶν

118 2080 244 2148 τέκνων
265 2080 438 2159 ἀπωλείας.
484 2084 686 2165 Σαμουήλου
709 2079 743 2145 δ’
768 2082 885 2166 ηὔξετο
909 2081 963 2147 ἐπὶ
985 2084 1094 2152 πλέον
1115 2088 1134 2170 ἡ

119 2187 211 2270 δόξα,
232 2188 367 2254 πάντων
390 2182 438 2254 ὧν
459 2191 690 2273 προυφήτενεν
713 2186 886 2272 ἀληθινῶν
908 2191 1136 2275 βλεπομένων.

67 2294 105 2356 11
184 2296 295 2378 (352)
325 2296 406 2359 κατά
437 2304 558 2360 τοῦτον
590 2295 632 2377 δή
668 2295 728 2359 τὸν
763 2295 881 2378 καιρὸν
912 2298 1165 2365 Παλαιστινολθ

118 2403 375 2487 στρατεύσαντες
401 2399 455 2466 ἐπὶ
483 2404 561 2478 τοὺς
585 2398 787 2486 Ἰσραηλίτας
815 2402 1136 2484 στρατοπεδεύονται

117 2508 199 2571 κατὰ
229 2510 329 2572 πόλιν
356 2503 508 2592 Ἀφεκάν.
562 2505 751 2590 δεξαμένων
785 2502 816 2570 δ’
852 2505 885 2586 ἐξ
915 2505 1034 2588 ὀλίγον
1066 2523 1135 2575 τῶν

114 2607 339 2695 Ἰσραηλιτῶν,
362 2620 512 2695 συνῇσαν
530 2615 579 2688 είς
595 2614 658 2695 τὴν
676 2609 837 2698 ἐχομένην
858 2609 914 2676 καὶ
935 2624 1078 2679 νικῶσιν
1102 2618 1138 2682 οί

117 2719 349 2797 Παλαιστινοί,
367 2714 423 2781 καὶ
435 2718 603 2781 κτείνουσι
617 2713 678 2798 μὲν
691 2729 758 2781 τῶν
771 2714 936 2803 Ἑβραίων
955 2719 1003 2794 είς
1021 2743 1135 2805 τετρα-

117 2825 315 2907 κισχιλίους,
343 2824 380 2887 τὸ
404 2818 442 2886 δὲ
464 2823 583 2886 λοιπὸν
604 2826 734 2904 πλῆθος
756 2824 1001 2888 συνδιώκουσιν
1023 2828 1074 2902 είς
1096 2831 1134 2893 τὸ
1147 2843 1168 2884 25

83 2930 350 3014 νστρατύπεδον.
395 2928 506 3011 <353>
533 2929 700 3006 δείσαντες
727 2926 765 2994 δὲ
791 2927 867 3014 περὶ
895 2940 963 2994 τῶν
986 2929 1077 2996 ὅλων
1101 2934 1137 2998 οί

113 3034 261 3121 Ἑβραῖοι
278 3031 465 3117 πέμπουσιν
477 3034 523 3110 ὡς
539 3037 601 3118 τὴν
618 3039 797 3120 γερουσίαν
815 3032 870 3099 καί
887 3036 948 3100 τὸν
965 3034 1134 3120 ἀρχιερέα,

118 3143 179 3223 τὴν
201 3143 346 3225 κιβωτὸν
364 3151 425 3206 τοῦ
442 3148 527 3207 θεοῦ
545 3144 736 3218 κελεύοντες
752 3143 908 3225 κομίζειν,
931 3141 986 3205 ἵνα
1004 3146 1131 3226 παρού-

118 3262 179 3327 σης
214 3246 314 3328 αὐτῆς
349 3251 631 3332 παραταττόμενοι
667 3258 810 3331 κρατῶσι
846 3256 913 3311 τῶν
948 3251 1131 3331 πολεμίων,

117 3348 318 3431 ἀγνοοῦντες
349 3354 400 3418 ὅτι
431 3358 550 3438 μείζων
579 3352 669 3419 ἐστὶν
691 3354 710 3419 δ
732 3351 1042 3435 καταψηφισάμενος
1069 3355 1130 3418 αύ-
1144 3373 1171 3411 ³0

190 3473 546 3543 §34921Reg.1118.

500 3738 628 3778 A
