2460 3848
70 151 114 218 48
436 156 709 209 ΑΡΧιιοΛοΓιΑΣ

68 340 167 382 νοιαν
186 319 217 381 εί
233 317 289 382 καί
307 327 442 384 τοιαῦτα
459 319 742 401 προσταττόμενος
759 316 931 382 ὑπακούοι.
974 319 1085 403 <234>

69 424 190 506 μαθὼν
213 421 244 487 δ’
271 423 435 488 αὐτοῦτὸ
458 424 637 506 πρόθυμον
659 421 714 488 καὶ
732 425 793 507 τήν
816 423 1005 508 ὑπερβολήν
1029 435 1087 508 της

68 533 260 614 θρησκείας,
282 529 424 611 ήδεσθαι
443 523 504 612 μέν
524 519 574 605 οἷς
596 529 685 617 αύτῷ
709 528 883 614 παρέσχεν,
907 529 967 614 ούχ
991 529 1086 595 ὑστε-

68 637 184 718 ρήσειν
218 630 251 699 δ’
287 634 391 700 αύτδν
423 632 474 699 ἀεὶ
501 635 608 720 πάσης
635 635 819 720 ἐπιμελείας
845 634 899 701 καί
928 639 965 700 τὸ
989 636 1087 717 γένος

68 738 236 823 ἀξιοῦντα,
260 742 399 805 ἐσεσθαί
418 764 452 806 τε
476 744 535 807 τὸν
553 743 629 807 υίὸν
651 742 739 830 αὐτῷ
763 743 1114 828 πολυχρονιώτατον,τ

68 843 123 910 καὶ
146 847 313 929 βιώσαντα
331 846 540 933 εὐδαιμόνως
557 847 672 913 παισίν
696 847 837 932 ἀγαθοῖς
859 847 914 914 καὶ
936 852 1087 932 γνησίοις

68 954 279 1037 παραδώσειν
302 953 449 1038 μεγάλην
471 955 661 1039 ἡγεμονίαν.
708 955 817 1039 <235>
835 957 1028 1041 προυδήλον
1051 978 1086 1020 τε

67 1060 105 1123 τὸ
124 1056 222 1141 γένος
239 1060 350 1126 αὐτῶν
369 1063 416 1138 είς
435 1064 518 1145 ἔθνη
537 1063 643 1127 πολλὰ
661 1059 717 1127 καὶ
735 1067 881 1128 πλοῦτον
900 1062 1086 1146 ἐπιδώσειν,

68 1162 124 1229 καί
143 1167 276 1250 μνήμην
295 1167 433 1232 αίώνιον
451 1167 562 1232 αὐτῶν
580 1170 716 1258 ἔσεσθαι
734 1178 804 1244 τοῖς
821 1168 1006 1254 γενάρχαις,
1024 1172 1086 1251 τήν

68 1294 103 1336 τε
118 1275 310 1337 Χαναναίαν
325 1272 439 1348 ὅπλοις
452 1273 759 1357 κατακτησαμένους
774 1278 936 1359 ζηλωτοὺς
949 1277 1086 1339 ἔσεσθαι
1101 1293 1125 1331 1⁰

68 1385 171 1442 πᾶσιν
199 1377 399 1465 ἀνθρώποις.
446 1378 556 1462 (236)
580 1375 679 1444 ταῦθ’
711 1380 728 1445 ὁ
757 1381 837 1456 θεὸς
864 1380 966 1445 είπὼν
989 1384 1085 1469 κριὸν

69 1482 106 1549 ἐκ
128 1483 299 1569 τάφανοῦς
315 1488 507 1571 παρήγαγεν
531 1485 643 1562 αὐτοῖς
665 1487 712 1562 είς
734 1488 796 1570 τήν
819 1487 1019 1570 ίερουργίαν.
1054 1491 1089 1552 οἳ

70 1586 107 1655 δὲ
134 1589 211 1679 παρ’
244 1591 377 1668 ἐλπίδας
404 1589 543 1668 ἑαυτοὺς
569 1590 817 1677 κεκομισμένοι,
846 1590 901 1656 καί
924 1594 1085 1658 τοιούτων

69 1696 209 1780 ἀγαθῶν
232 1698 425 1782 ἐπαγγελίας
452 1702 681 1784 τετυχηκότες,
708 1695 882 1782 ἠσπάζοντ’
910 1696 1085 1782 ἀλλήλους,

69 1801 124 1868 καὶ
142 1806 307 1880 θύσαντες
328 1802 555 1885 ἀπενόστησαν
574 1807 656 1890 πρὸς
678 1807 739 1888 τήν
762 1804 911 1888 Σάρραν,
934 1803 989 1869 καὶ
1014 1807 1084 1888 διῆ-
1101 1821 1125 1861 1⁵

68 1931 131 1990 γον
154 1908 377 1992 εὐδαιμόνως,
401 1905 453 1993 ἐφ’
481 1910 603 1973 άπασιν
627 1901 677 1985 οἷς
700 1909 894 1992 ἐθελήσειαν
917 1921 978 1976 τοῦ
1000 1918 1086 1978 θεοῦ

69 2014 362 2099 συλλαμβάνοντος
385 2015 505 2091 αὐτοῖς.

38 2124 60 2187 4
136 2121 245 2206 <237>
260 2119 316 2186 καὶ
330 2122 447 2207 Σάρρα
466 2116 527 2203 μὲν
546 2119 586 2185 ού
604 2124 690 2186 πολὺ
709 2120 849 2208 ὕστερον
868 2121 1086 2206 ἀποθνήσκει,

70 2229 218 2312 βιώσασα
237 2230 291 2312 ἔτη
306 2225 387 2294 ἕπτά
401 2225 456 2292 καὶ
474 2233 578 2292 είκοσι
593 2231 675 2312 πρὸς
693 2239 762 2304 τοῖς
776 2226 904 2294 ἑκατόν·
919 2228 1086 2294 θάπτουσι

71 2330 222 2417 δὶαύτήν
233 2332 269 2398 ἐν
280 2337 443 2419 Χεβρῶνι,
458 2335 722 2419 συγχωρούντων
737 2329 797 2417 μὲν
808 2345 875 2399 τῶν
886 2339 1085 2401 Χαναναίων
1099 2352 1126 2391 20

69 2437 124 2504 καὶ
144 2441 286 2527 δημοσία
304 2446 388 2524 χοῦν
411 2437 512 2521 αύτής
533 2440 592 2503 τὸν
613 2438 732 2523 τάφον,
752 2434 917 2524 Ἀβράμου
942 2438 972 2505 δ’
1000 2441 1085 2525 ὠνη-

70 2545 216 2631 σαμένου
243 2547 280 2610 τὸ
308 2547 431 2629 χωρίον
460 2547 583 2609 σίκλων
610 2548 830 2629 τετρακοσίων
853 2543 929 2629 παρ’
953 2543 1087 2633 Ἐφραί-

69 2675 135 2736 μου
153 2654 244 2728 τινὸς
262 2650 297 2716 ἐκ
315 2660 373 2734 τῆς
393 2654 576 2735 Χεβρώνος.
622 2650 676 2716 καὶ
700 2653 739 2716 τά
762 2663 904 2736 μνημεῖα
918 2650 1086 2738 ’Ἅβραμός

69 2781 103 2823 τε
127 2756 181 2822 καί
204 2759 239 2823 οί
259 2756 420 2840 ἀπόγονοι
443 2757 547 2824 αὐτοῦ
569 2759 671 2844 ταύτη
694 2760 983 2824 κατεσκευάσαντο.

40 2869 60 2933 5
136 2865 245 2949 <238>
275 2875 375 2947 γαμεί
402 2861 432 2928 δ’
467 2864 566 2940 αὐτὸς
595 2866 765 2951 Χετούραν
796 2866 955 2952 ὕστερον,
984 2864 1016 2942 ἐξ
1047 2861 1125 2948 ήςσσ

71 2973 159 3060 αύτῷ
184 2974 299 3049 παῖδες
313 2969 345 3050 ἓξ
361 2974 523 3054 γίνονται,
545 2974 627 3056 πρός
649 2995 683 3036 τε
706 2976 831 3048 πόνους
854 2968 1007 3057 καρτεροὶ
1029 2969 1085 3035 καὶ

71 3077 177 3143 δεινοὶ
201 3076 359 3144 συνιέναι.
384 3076 584 3162 Ζαμβράνης
603 3074 748 3165 Ἰαζάρης
765 3078 930 3162 Μαδάνης
951 3078 1084 3141 Μαδιά-

68 3208 129 3267 νης
148 3180 366 3268 Ἰωσούβακος
387 3187 506 3259 Σοῦος.
552 3184 706 3268 φύονται
722 3181 759 3249 δέ
782 3184 836 3250 καί
858 3186 988 3260 τούτοις
1010 3194 1084 3248 παί-

70 3290 138 3368 δες,
162 3288 217 3354 καὶ
240 3291 355 3355 Σούου
379 3284 439 3373 μὲν
463 3289 668 3374 Σαβαθάνης
689 3294 816 3373 γίνεται
838 3289 893 3356 καὶ
915 3291 1085 3373 Δαδάνης,

139 3428 517 3494 εαειεοιηαΧΠιο.
567 3429 945 3495 §237=Gen.xx1111.
1001 3435 1083 3495 ςεεε

70 3545 103 3564 =
122 3516 189 3572 Gen.
210 3516 286 3571 XXV
308 3525 335 3582 13
357 3525 370 3571 1
390 3517 483 3573 Paral.
502 3517 515 3570 Ι
533 3523 575 3572 32.
