2460 3848
101 126 170 192 290
467 128 742 182 ΔΡΧΔΙΟΔΟΓΙΑΣ

102 291 223 371 μονίαν
252 287 321 373 (καὶ
349 290 413 374 γάρ
442 297 488 376 τῷ
517 293 586 376 λαῷ
614 288 671 352 διὰ
699 288 846 370 σπουδῆς
874 283 919 369 ἦν
944 293 1087 370 μαθεῖν
1111 294 1146 355 τί

101 391 157 457 καὶ
180 403 225 481 τῷ
248 401 319 482 θεῷ
344 391 466 480 δοκεῖ),
487 394 723 479 προσλαβοὺση
746 395 808 477 τὴν
831 395 1051 476 Συμεωνίδα
1076 420 1142 480 φυ-

103 502 182 584 λήν,
206 498 259 586 ἐφ’
283 493 347 587 ᾧτε
370 497 608 585 ἐξαιρεθέντων
630 510 698 563 τῶν
721 497 849 582 ἐκείνης
869 498 1059 567 ὑποτελῶν
1084 501 1141 567 καί

102 607 180 681 τοὺς
207 603 244 671 ἐν
271 605 373 688 αὐτῆς
406 613 446 688 τῇ
473 608 655 691 κληρουχίᾳ
685 604 785 670 ταὺτὸ
814 615 968 669 ποιῶσιν.
1020 607 1139 691 <121>

66 729 84 778 2
104 715 286 776 Χαναναῖοι
305 707 352 792 δ’,
370 708 582 794 ἀκμαζόντων
600 709 714 786 αὐτοῖς
731 707 801 774 κατ’
825 708 956 774 ἐκεῖνον
974 713 1044 776 τὸν
1065 734 1162 779 και-τ

103 817 164 900 ρὸν
196 826 263 880 τῶν
294 815 515 899 πραγμάτων,
547 825 673 903 στρατῶ
705 817 837 904 μεγάλῳ
866 817 950 880 κατά
977 818 1137 904 Βεζέιιην

102 919 224 996 αὐτοὺς
245 919 428 1006 ὑπέμενον,
456 931 502 1009 τῷ
526 924 658 1005 βασιλεῖ
678 932 747 986 τῶν
769 925 965 1005 Βεζεκηνῶν
984 919 1135 991 Ἀδωνι-

102 1022 221 1113 βεζέκςο
239 1027 300 1110 τὴν
318 1027 500 1112 ἡγεμονίαν
518 1026 751 1112 ἐπιτρέψαντες
769 1026 821 1113 (τὸ
840 1024 873 1092 δ’
896 1030 1007 1111 ὄνομα
1029 1040 1135 1097 τοῦτο

102 1133 257 1213 σημαίνει
284 1135 475 1216 Βεζεκηνῶν
503 1133 631 1216 κύριος·
664 1129 771 1197 ἀδωνὶ
799 1133 863 1218 γάρ
891 1141 929 1217 τῇ
956 1131 1136 1220 Ἑβραίων

104 1234 263 1324 διαλέκτῳ
289 1239 411 1323 κύριος·
432 1234 595 1324 λέγεται),
622 1240 761 1322 ἤλπιζόν
787 1260 821 1302 τε
849 1241 1033 1324 κρατήσειν
1064 1255 1136 1309 τῶν
1150 1264 1173 1302 1⁰

99 1339 313 1429 Ἰσραηλιτῶν
340 1344 396 1408 διὰ
423 1345 460 1409 τὸ
488 1344 649 1409 τεθνάναι
672 1341 814 1427 Ἰησοῦν.
860 1345 972 1428 <122>
1003 1352 1136 1432 συμμί-

104 1448 217 1526 ξαντες
245 1445 276 1514 δ’
303 1449 415 1526 αὐτοῖς
441 1450 478 1514 οί
498 1447 696 1534 Ἰσραηλῖται
724 1461 795 1527 ταῖς
825 1448 902 1515 δυσὶ
925 1455 1055 1534 φυλαῖς
1080 1446 1136 1530 αἷς

104 1566 265 1641 προεῖπον
288 1552 488 1639 ἐμαχέσαντο
512 1559 683 1640 λαμπρῶς,
709 1553 765 1619 καὶ
787 1558 955 1620 κτείνουσι
978 1551 1047 1639 μὲν
1072 1559 1134 1625 αῦ-

104 1673 172 1725 τῶν
194 1656 277 1744 ὑπὲρ
301 1662 459 1743 μυρίους,
480 1660 680 1745 τρεψάμενοι
703 1655 741 1723 δέ
763 1661 801 1725 τὸ
826 1661 943 1725 λοιπὸν
966 1659 1023 1725 καὶ
1051 1665 1134 1730 διώ-

105 1789 220 1842 κοντες
241 1766 373 1849 αίροῦσι
400 1766 460 1830 τὸν
479 1761 750 1849 Ἆδωυιβέζεκον,
779 1764 815 1842 ὃς
837 1765 1134 1851 ἀκρωτηριασθεὶς
1150 1792 1174 1832 15

105 1869 160 1936 ὑπ’
189 1871 301 1936 αὐτῶν
331 1873 435 1954 φησίν
472 1871 582 1955 <123>
612 1868 701 1935 (ἀλλ’
728 1871 790 1936 οῦκ
819 1873 866 1948 είς
895 1873 932 1936 τὸ
961 1882 1030 1938 πᾶν
1065 1878 1135 1963 ἄρα

107 1981 269 2061 λήσεσθαι
291 1978 374 2042 θεὸν
397 1978 553 2060 ἔμελλον,
574 1977 653 2041 τάδε
676 1977 854 2053 πεπονθὼς
876 1976 897 2042 ά
920 1978 1002 2041 κατά
1026 1980 1133 2048 δυοῖν

108 2082 163 2149 καὶ
192 2080 418 2168 ἑβδομήκοντα
444 2080 609 2167 βασιλέων
635 2081 756 2168 πρᾶξαι
782 2086 946 2167 πρότερον
968 2082 1031 2148 οὑκ
1057 2086 1132 2153 ἐνε-

77 2208 79 2211 ·
108 2189 261 2275 τράπην.’
308 2190 417 2273 <124>
440 2187 495 2253 καί
519 2191 622 2267 ζῶντα
645 2184 706 2272 μέν
728 2192 921 2272 κομίζουσιν
945 2187 1008 2265 ἕως
1024 2186 1132 2278 Ἱερο-

110 2299 277 2381 σολύμων,
299 2298 537 2378 τελευτήσαντα
556 2282 593 2360 δέ
612 2304 653 2380 γῇ
672 2295 847 2360 βάπτουσι.
894 2292 948 2358 καὶ
968 2294 1131 2381 διεξῇσαυ
1146 2320 1174 2360 20

111 2404 283 2489 αἱροῦντες
295 2403 353 2480 τάς
365 2406 488 2486 πόλεις,
506 2406 660 2478 πλείστας
677 2425 711 2466 τε
731 2403 888 2485 λαβόντες
906 2399 1133 2487 ἐπολιόρκουν

103 2490 328 2593 Ἰεροσόλυμα.
373 2506 428 2572 καί
455 2508 517 2591 τὴν
544 2502 605 2589 μέν
633 2507 720 2570 κάτω
748 2507 906 2588 λαβόντες
928 2509 993 2570 σὺν
1015 2512 1133 2599 χρόνῳ

108 2613 232 2687 πάντας
264 2614 413 2676 ἔκτειναν
443 2614 521 2687 τοὺς
553 2609 784 2693 ἐνοικοῦντας,
816 2613 941 2696 χαλεπὴ
972 2609 1002 2676 δ’
1035 2608 1080 2696 ἦν
1110 2617 1132 2699 ἡ

109 2717 326 2803 καθύπερθεν
362 2716 475 2793 αὐτοῖς
507 2717 684 2800 αἱρεθῆναι
714 2726 832 2800 τειχῶν
865 2717 1041 2803 ὀχυρότητι
1071 2721 1133 2786 καί

80 2824 213 2910 εφύσει
243 2833 304 2889 τοῦ
336 2827 469 2908 χωρίου.
514 2822 624 2906 <125>
651 2821 734 2887 ὅθεν
764 2822 1132 2908 μετεστρατοπέδευσαν
1146 2848 1174 2887 25

113 2934 160 3009 είς
190 2933 362 3017 Χεβρῶνα·
395 2926 451 2995 καὶ
478 2929 605 3012 ταύτην
635 2925 765 3004 ἑλόντες
792 2932 960 2994 κτείνουσι
992 2928 1130 3009 πάντας.

113 3035 324 3104 ὑπελέλειπτο
345 3032 382 3100 δὲ
400 3037 437 3100 τὸ
456 3045 523 3100 τῶν
541 3034 708 3118 γιγάντων
726 3037 774 3099 ἔτι
797 3032 904 3118 γένος,
928 3039 963 3100 οἳ
984 3036 1040 3101 διὰ
1064 3053 1132 3103 σω-

114 3146 226 3228 μάτων
253 3141 377 3228 μεγέθη
405 3139 460 3207 καλ
490 3142 620 3227 μορφάς
643 3136 744 3206 οὐδὲν
766 3151 836 3216 τοῖς
859 3141 972 3217 ἄλλοις
995 3139 1132 3227 ἀνθρώ-

113 3271 188 3326 ποις
214 3252 440 3335 παραπλησίας
466 3245 656 3333 παράδοξον
682 3242 768 3330 ἦσαν
796 3242 906 3329 θέαμα
935 3245 990 3311 καὶ
1014 3248 1131 3314 δεινὸν

113 3356 272 3438 άκουσμα.
318 3355 485 3420 δείκνυται
515 3350 569 3419 καὶ
597 3363 661 3419 νῦν
688 3354 735 3417 ἔτι
762 3352 891 3417 τούτων
919 3352 999 3417 όστᾶ
1022 3351 1131 3437 μηδὲν
1145 3377 1173 3416 ω

185 3474 497 3541 §120=1udic.11.
