2460 3848
673 48 684 82 Ι

118 164 139 229 6
482 162 756 217 ΑΡΧΔῙΟΔΟΓΙΑΣ

117 329 329 410 παλαιότητι,
355 327 484 408 πολλήν
511 327 597 411 ἔχων
624 325 740 389 ἄδειαν
762 323 899 401 ψευδῶν
921 321 1133 405 πλασμάτων.

117 431 234 517 γέγονε
254 433 317 516 γάρ
335 434 400 515 πρὸ
420 429 502 496 ἐτῶν
522 432 705 516 δισχιλίων,
729 425 780 515 ἐφ’
804 429 884 494 ὅσον
902 432 1032 510 πλῆθος
1055 430 1135 492 αίῶ-

118 564 176 615 νος
206 534 279 604 οὐδ’
316 536 427 601 αὐτῶν
459 536 494 602 ολ
520 534 653 619 ποιηταὶ
680 537 737 613 τάς
767 533 911 619 γενέσεις
939 544 1007 598 τῶν
1029 540 1134 618 θεῶν,

118 648 195 729 μήτι
225 667 261 726 γε
292 644 350 719 τάς
379 653 445 707 τῶν
475 640 665 728 ἀνθρώπων
694 641 827 727 πράξεις
855 641 876 725 ῆ
903 643 982 717 τοὺς
1008 642 1135 723 νόμους

119 750 309 832 ἀνενεγκεῖν
333 747 527 832 ἐτόλμησαν.
1149 761 1163 804 5

185 856 272 939 <17>
295 856 334 920 τά
362 851 423 938 μὲν
452 848 513 920 οὖν
538 853 655 939 ἀκριβῆ
678 865 744 919 τῶν
769 852 805 918 ἐν
834 864 905 929 ταῖς
927 851 1136 936 ἀναγραφαῖς

118 963 246 1047 προῖὼν
265 961 282 1027 ὁ
303 964 401 1046 λόγος
418 961 499 1025 κατδι
519 961 581 1043 τήν
599 962 725 1025 οἰκείαν
747 959 840 1037 τάξιν
859 969 1011 1043 σημανεῖ·
1034 968 1135 1024 τοῦτο

120 1070 182 1154 γάρ
198 1069 253 1133 διά
267 1069 387 1150 ταύτης
399 1068 552 1149 ποιήσειν
568 1075 624 1149 τῆς
638 1070 860 1150 πραγματείας
879 1065 1135 1150 ἐπηγγειλάμην,

67 1175 104 1243 (4)
120 1171 221 1241 οὐδέν
244 1176 419 1259 προσθείς,
448 1169 520 1238 οὐδ’
548 1167 591 1236 αὖ
613 1173 821 1256 παραλιπών·
849 1173 936 1256 <18>
960 1170 1072 1254 έπειδῆ
1098 1168 1136 1236 δὲ

119 1283 159 1346 τδι
181 1280 288 1345 πάντα
316 1279 436 1363 σχεδὸν
465 1277 501 1343 ἐκ
527 1288 585 1361 τῆς
611 1288 673 1344 τοῦ
701 1275 889 1361 νομοθέτου
913 1281 1032 1363 σοφίας
1054 1277 1135 1362 ἡμῖν
1151 1295 1178 1334 10

120 1386 298 1471 ἀνήρτηται
320 1381 502 1467 Μωυσέος,
530 1382 656 1468 ἀνάγκη
680 1408 736 1468 μοι
760 1382 882 1470 βραχέα
905 1382 981 1469 περὶ
1005 1383 1135 1450 ἐκείνου

119 1503 307 1577 προειπεῖν,
330 1491 419 1567 ὅπως
441 1493 485 1574 μή
508 1513 596 1566 τινες
618 1501 685 1554 τῶν
709 1489 996 1575 ἀναγνωσομένων
1020 1492 1135 1556 διαπο-

120 1609 203 1686 ρῶσι
230 1602 338 1664 πόθεν
367 1597 448 1682 ἡμῖν
472 1597 489 1663 ὁ
514 1600 629 1680 λόγος,
658 1595 734 1681 περὶ
761 1600 876 1681 νόμων
905 1595 961 1663 καὶ
983 1595 1135 1682 πράξεων

120 1709 205 1791 έχων
223 1708 284 1790 τήν
303 1705 513 1790 ἀναγραφήν,
537 1702 590 1769 έπὶ
608 1708 777 1769 τοσοῦτον
792 1707 1008 1788 φυσιολογίας
1029 1725 1136 1768 κεκοι-

120 1814 278 1895 νώνηκεν.
325 1812 413 1894 <19>
438 1808 547 1876 ἰστέον
570 1805 632 1874 οὖν
656 1810 707 1875 ότι
729 1811 863 1876 πάντων
887 1810 1012 1885 ἐκεῖνος
1035 1807 1136 1892 ἀναγ-
1151 1823 1177 1864 15

87 1928 89 1933 '
121 1920 296 1983 καιότατον
328 1915 473 1999 ἡγήσατο
505 1924 550 2003 τῷ
578 1913 633 1980 καλ
656 1918 715 1981 τὸν
739 1914 859 1982 ἑαυτοῦ
882 1914 1036 2000 μέλλοντι
1059 1918 1135 1998 βίον

122 2025 355 2107 οἰκονομήσειν
383 2027 490 2099 καλῶς
516 2019 571 2086 καὶ
600 2032 670 2098 τοῖς
692 2023 806 2099 ἀλλοις
828 2029 1025 2106 νομοθετεῖν
1047 2033 1136 2106 πρῶ-

120 2155 180 2196 τον
202 2137 287 2196 θεοῦ
306 2132 410 2215 φύσιν
433 2137 647 2212 κατανοῆσαι,
669 2126 724 2193 καὶ
747 2140 814 2194 τῶν
833 2131 941 2214 ἔργων
963 2137 1030 2192 τῶν
1055 2127 1136 2192 ἐκεί-

121 2262 184 2302 νου
215 2237 341 2319 θεατήν
373 2245 417 2323 τῷ
451 2245 498 2323 νῷ
532 2238 715 2319 γενόμενον
746 2235 831 2299 οὕτω
861 2235 1068 2319 παράδειγμα
1098 2236 1135 2298 τὸ

121 2343 256 2406 πάντων
288 2343 426 2426 ἀριστον
458 2347 649 2424 μιμεῖσθαι,
681 2335 754 2403 καθ’
791 2339 872 2403 ὅσον
900 2330 973 2404 οἷόν
1002 2363 1052 2423 τε,
1081 2338 1135 2404 καλ
1151 2355 1177 2394 20

121 2452 301 2530 πειρᾶσθαι
328 2451 602 2511 κατακολουθεῖν·
632 2444 719 2527 <20>
743 2443 818 2507 οὔτε
848 2445 911 2528 γάρ
942 2445 1030 2533 αὐτῷ
1060 2443 1132 2513 ποτ’

123 2551 165 2617 ἀν
188 2549 345 2634 γενέσθαι
372 2562 456 2618 νοῦν
484 2550 615 2634 ἀγαθὸν
642 2558 687 2636 τςδ
715 2547 882 2637 νομοθέτη
910 2553 1029 2635 ταύτης
1056 2552 1136 2618 ἀπο-

124 2655 308 2746 λειπομένῳ
326 2667 384 2741 τῆς
401 2655 494 2742 θέας,
518 2659 594 2723 οὔτε
616 2667 684 2721 τῶν
707 2655 970 2742 γραφησομένων
993 2660 1040 2734 είς
1062 2657 1137 2743 ἀρε-

123 2773 181 2848 τῆς
210 2766 312 2845 λόγον
343 2760 442 2828 οὐδὲν
472 2763 701 2847 ἀποβήσεσθαι
728 2775 796 2840 τοῖς
823 2769 1002 2848 λαβοῦσιν,
1032 2765 1064 2828 εί
1091 2766 1135 2848 μή

123 2872 187 2955 πρὸ
217 2871 340 2945 παντὸς
369 2870 473 2935 άλλου
504 2871 696 2955 διδαχθεῖεν
727 2870 776 2934 ὅτι
806 2871 939 2936 πάντων
968 2872 1075 2954 πατήρ
1102 2892 1136 2934 τε
1151 2886 1177 2926 2⁵

122 2974 179 3040 καὶ
216 2977 376 3059 δεσπότης
402 2976 420 3042 ὁ
448 2978 528 3052 θεὸς
561 2976 608 3040 ὢν
640 2973 694 3041 καλ
721 2975 828 3041 πάντα
857 2973 1041 3061 ἐπιβλέπων
1068 2987 1138 3052 τοῖς

123 3078 185 3165 μέν
205 3079 377 3166 ἑπομένοις
395 3082 484 3170 αὐτῷ
505 3083 644 3147 δίδωσιν
662 3081 843 3165 εὐδαίμονα
866 3085 954 3164 βίον,
975 3084 1053 3159 ταδς
1076 3081 1136 3160 ἔξω

124 3183 161 3252 δὲ
189 3190 365 3271 βαίνοντας
393 3189 510 3274 ἀρετῆς
540 3187 696 3272 μεγάλαις
721 3187 912 3272 περιβάλλει
943 3199 1136 3273 συμφοραῖς.

124 3294 212 3376 <21>
234 3304 332 3360 τοῦτο
356 3296 398 3378 δή
421 3297 598 3362 παιδεῦσαι
621 3296 770 3376 Μωυσῆς
797 3291 976 3375 βουληθεὶς
1002 3295 1040 3359 τὸ
1063 3298 1138 3358 παί-

123 3401 229 3485 δευμα
258 3402 336 3478 τοὺς
367 3399 487 3468 ἑαυτοῦ
513 3404 664 3484 πολίτας,
693 3408 750 3483 τῆς
776 3409 843 3463 τῶν
871 3400 985 3481 νόμων
1011 3397 1137 3476 θέσεως
1151 3418 1177 3458 ιο

119 3506 184 3573 οὐκ
207 3506 271 3574 ἀπὸ
295 3512 508 3594 συμβολαίων
535 3505 590 3573 καὶ
613 3517 680 3571 τῶν
708 3506 791 3590 πρὸς
813 3503 978 3585 ἀλλήλους
1001 3505 1138 3570 δικαίων
