<?xml version="1.0" encoding="UTF-8"?>
<!DOCTYPE html PUBLIC "-//W3C//DTD XHTML 1.0 Transitional//EN"
    "http://www.w3.org/TR/xhtml1/DTD/xhtml1-transitional.dtd">
<html xmlns="http://www.w3.org/1999/xhtml" xml:lang="en" lang="en">
 <head>
  <title>
</title>
<meta http-equiv="Content-Type" content="text/html;charset=utf-8" />
  <meta name='ocr-system' content='tesseract 3.04.00' />
  <meta name='ocr-capabilities' content='ocr_page ocr_carea ocr_par ocr_line ocrx_word'/>
</head>
<body>
  <div class='ocr_page' id='page_1' title='image "./operaomniaposti01nabegoog_0152.png"; bbox 0 0 2460 3848; ppageno 0'>
   <div class='ocr_carea' id='block_1_1' title="bbox 95 144 744 213">
    <p class='ocr_par' dir='ltr' id='par_1_1' title="bbox 95 144 744 213">
     <span class='ocr_line' id='line_1_1' title="bbox 95 144 744 213; baseline -0.002 -14"><span class='ocrx_word' id='word_1_1' title='bbox 95 146 162 213; x_wconf 75' lang='lat'><strong><em>106</em></strong></span> <span class='ocrx_word' id='word_1_2' title='bbox 470 144 744 199; x_wconf 70' lang='grc' dir='ltr'><strong><em>Ανωοιιουικε</em></strong></span> 
     </span>
    </p>
   </div>
   <div class='ocr_carea' id='block_1_2' title="bbox 61 306 1156 3160">
    <p class='ocr_par' dir='ltr' id='par_1_2' title="bbox 61 306 1156 1780">
     <span class='ocr_line' id='line_1_2' title="bbox 94 306 1120 397; baseline -0.004 -19"><span class='ocrx_word' id='word_1_3' title='bbox 94 314 209 396; x_wconf 76' lang='grc' dir='ltr'><strong><em>ἔλεγε,</em></strong></span> <span class='ocrx_word' id='word_1_4' title='bbox 234 308 291 377; x_wconf 81' lang='grc' dir='ltr'><strong><em>καλ</em></strong></span> <span class='ocrx_word' id='word_1_5' title='bbox 313 306 432 395; x_wconf 76' lang='grc' dir='ltr'><strong><em>μηδενὶ</em></strong></span> <span class='ocrx_word' id='word_1_6' title='bbox 453 318 521 373; x_wconf 80' lang='grc' dir='ltr'><strong><em>τῶν</em></strong></span> <span class='ocrx_word' id='word_1_7' title='bbox 543 308 655 373; x_wconf 87' lang='grc' dir='ltr'><strong><em>ἀλλων</em></strong></span> <span class='ocrx_word' id='word_1_8' title='bbox 678 307 698 392; x_wconf 88' lang='grc' dir='ltr'><strong><em>ή</em></strong></span> <span class='ocrx_word' id='word_1_9' title='bbox 721 309 829 397; x_wconf 83' lang='grc' dir='ltr'><strong><em>τοότςο</em></strong></span> <span class='ocrx_word' id='word_1_10' title='bbox 852 310 946 397; x_wconf 83' lang='grc' dir='ltr'><strong><em>μόνςο</em></strong></span> <span class='ocrx_word' id='word_1_11' title='bbox 967 324 1120 393; x_wconf 88' lang='grc' dir='ltr'><strong><em>προσαν-</em></strong></span> 
     </span>
     <span class='ocr_line' id='line_1_3' title="bbox 96 411 1120 504; baseline -0.005 -19"><span class='ocrx_word' id='word_1_12' title='bbox 96 415 197 504; x_wconf 79' lang='grc' dir='ltr'><strong><em>έχειν,</em></strong></span> <span class='ocrx_word' id='word_1_13' title='bbox 219 428 279 485; x_wconf 83' lang='grc' dir='ltr'><strong><em>τοῦ</em></strong></span> <span class='ocrx_word' id='word_1_14' title='bbox 301 440 337 484; x_wconf 90' lang='grc' dir='ltr'><strong><em>τε</em></strong></span> <span class='ocrx_word' id='word_1_15' title='bbox 360 417 404 501; x_wconf 87' lang='grc' dir='ltr'><strong><em>μή</em></strong></span> <span class='ocrx_word' id='word_1_16' title='bbox 427 412 724 499; x_wconf 73' lang='grc' dir='ltr'><strong><em>διαζευγνυμένους</em></strong></span> <span class='ocrx_word' id='word_1_17' title='bbox 747 411 819 480; x_wconf 85' lang='grc' dir='ltr'><strong><em>ἀλλ’</em></strong></span> <span class='ocrx_word' id='word_1_18' title='bbox 846 413 884 480; x_wconf 84' lang='grc' dir='ltr'><strong><em>έν</em></strong></span> <span class='ocrx_word' id='word_1_19' title='bbox 905 415 1013 503; x_wconf 74' lang='grc' dir='ltr'><strong><em>ταύτῷ</em></strong></span> <span class='ocrx_word' id='word_1_20' title='bbox 1038 438 1120 499; x_wconf 94' lang='grc' dir='ltr'><strong><em>τυγ-</em></strong></span> 
     </span>
     <span class='ocr_line' id='line_1_4' title="bbox 95 523 1117 610; baseline -0.003 -19"><span class='ocrx_word' id='word_1_21' title='bbox 95 526 258 610; x_wconf 85' lang='grc' dir='ltr'><strong><em>χάνοντας</em></strong></span> <span class='ocrx_word' id='word_1_22' title='bbox 280 523 507 608; x_wconf 74' lang='grc' dir='ltr'><strong><em>ἐπιμελεῖσθαι</em></strong></span> <span class='ocrx_word' id='word_1_23' title='bbox 529 532 591 588; x_wconf 91' lang='grc' dir='ltr'><strong><em>τοῦ</em></strong></span> <span class='ocrx_word' id='word_1_24' title='bbox 613 524 736 607; x_wconf 85' lang='grc' dir='ltr'><strong><em>πατρὸς</em></strong></span> <span class='ocrx_word' id='word_1_25' title='bbox 758 523 1023 607; x_wconf 78' lang='grc' dir='ltr'><strong><em>προνοούμενος,</em></strong></span> <span class='ocrx_word' id='word_1_26' title='bbox 1053 532 1117 588; x_wconf 88' lang='grc' dir='ltr'><strong><em>τοῦ</em></strong></span> 
     </span>
     <span class='ocr_line' id='line_1_5' title="bbox 94 623 1113 713; baseline -0.002 -17"><span class='ocrx_word' id='word_1_27' title='bbox 94 652 129 696; x_wconf 89' lang='grc' dir='ltr'><strong><em>τε</em></strong></span> <span class='ocrx_word' id='word_1_28' title='bbox 147 642 217 708; x_wconf 85' lang='grc' dir='ltr'><strong><em>τοϊς</em></strong></span> <span class='ocrx_word' id='word_1_29' title='bbox 234 630 431 712; x_wconf 70' lang='grc' dir='ltr'><strong><em>Αἰγυπτίοις</em></strong></span> <span class='ocrx_word' id='word_1_30' title='bbox 448 623 534 692; x_wconf 89' lang='grc' dir='ltr'><strong><em>εἰναι</em></strong></span> <span class='ocrx_word' id='word_1_31' title='bbox 551 633 757 713; x_wconf 78' lang='grc' dir='ltr'><strong><em>προσφιλεῖς,</em></strong></span> <span class='ocrx_word' id='word_1_32' title='bbox 780 625 885 712; x_wconf 63' lang='grc' dir='ltr'><strong><em>μηδὲν</em></strong></span> <span class='ocrx_word' id='word_1_33' title='bbox 907 629 1113 713; x_wconf 75' lang='grc' dir='ltr'><strong><em>πράττοντας</em></strong></span> 
     </span>
     <span class='ocr_line' id='line_1_6' title="bbox 94 731 1141 821; baseline -0.002 -20"><span class='ocrx_word' id='word_1_34' title='bbox 94 745 162 801; x_wconf 81' lang='grc' dir='ltr'><strong><em>τών</em></strong></span> <span class='ocrx_word' id='word_1_35' title='bbox 189 735 300 801; x_wconf 78' lang='grc' dir='ltr'><strong><em>αὐτῶν</em></strong></span> <span class='ocrx_word' id='word_1_36' title='bbox 327 733 479 812; x_wconf 76' lang='grc' dir='ltr'><strong><em>ἐκείνοις·</em></strong></span> <span class='ocrx_word' id='word_1_37' title='bbox 507 736 703 818; x_wconf 77' lang='grc' dir='ltr'><strong><em>Αἰγυπτίοις</em></strong></span> <span class='ocrx_word' id='word_1_38' title='bbox 729 736 792 821; x_wconf 88' lang='grc' dir='ltr'><strong><em>γάρ</em></strong></span> <span class='ocrx_word' id='word_1_39' title='bbox 822 733 1044 821; x_wconf 87' lang='grc' dir='ltr'><strong><em>ἀπειρημένον</em></strong></span> <span class='ocrx_word' id='word_1_40' title='bbox 1068 731 1141 819; x_wconf 76' lang='grc' dir='ltr'><strong><em>ήυε</em></strong></span> 
     </span>
     <span class='ocr_line' id='line_1_7' title="bbox 61 838 1113 928; baseline 0.007 -26"><span class='ocrx_word' id='word_1_41' title='bbox 61 839 170 928; x_wconf 81' lang='grc' dir='ltr'><strong><em>επερί</em></strong></span> <span class='ocrx_word' id='word_1_42' title='bbox 199 842 303 926; x_wconf 77' lang='grc' dir='ltr'><strong><em>νομὰς</em></strong></span> <span class='ocrx_word' id='word_1_43' title='bbox 334 838 610 927; x_wconf 78' lang='grc' dir='ltr'><strong><em>ἀναστρέφεσθαι.</em></strong></span> <span class='ocrx_word' id='word_1_44' title='bbox 656 841 766 924; x_wconf 80' lang='grc'>&lt;187&gt;</span> <span class='ocrx_word' id='word_1_45' title='bbox 792 851 853 908; x_wconf 87' lang='grc' dir='ltr'><strong><em>τοῦ</em></strong></span> <span class='ocrx_word' id='word_1_46' title='bbox 886 838 924 906; x_wconf 69' lang='grc' dir='ltr'><strong><em>δὲ</em></strong></span> <span class='ocrx_word' id='word_1_47' title='bbox 952 839 1113 927; x_wconf 79' lang='grc' dir='ltr'><strong><em>Ἰακώβου</em></strong></span> 
     </span>
     <span class='ocr_line' id='line_1_8' title="bbox 94 946 1114 1035; baseline -0.001 -20"><span class='ocrx_word' id='word_1_48' title='bbox 94 946 367 1035; x_wconf 75' lang='grc' dir='ltr'><strong><em>παραγενομένου</em></strong></span> <span class='ocrx_word' id='word_1_49' title='bbox 389 951 473 1035; x_wconf 89' lang='grc' dir='ltr'><strong><em>πρὸς</em></strong></span> <span class='ocrx_word' id='word_1_50' title='bbox 494 952 553 1016; x_wconf 92' lang='grc' dir='ltr'><strong><em>τὸν</em></strong></span> <span class='ocrx_word' id='word_1_51' title='bbox 575 946 724 1034; x_wconf 79' lang='grc' dir='ltr'><strong><em>βασιλέα,</em></strong></span> <span class='ocrx_word' id='word_1_52' title='bbox 747 946 802 1013; x_wconf 86' lang='grc' dir='ltr'><strong><em>καὶ</em></strong></span> <span class='ocrx_word' id='word_1_53' title='bbox 824 947 1054 1032; x_wconf 75' lang='grc' dir='ltr'><strong><em>ἀσπαζομένου</em></strong></span> <span class='ocrx_word' id='word_1_54' title='bbox 1077 971 1114 1014; x_wconf 87' lang='grc' dir='ltr'><strong><em>τε</em></strong></span> 
     </span>
     <span class='ocr_line' id='line_1_9' title="bbox 95 1052 1114 1143; baseline 0 -22"><span class='ocrx_word' id='word_1_55' title='bbox 95 1052 151 1121; x_wconf 79' lang='grc' dir='ltr'><strong><em>καὶ</em></strong></span> <span class='ocrx_word' id='word_1_56' title='bbox 171 1053 415 1141; x_wconf 79' lang='grc' dir='ltr'><strong><em>κατευχομένου</em></strong></span> <span class='ocrx_word' id='word_1_57' title='bbox 437 1054 591 1141; x_wconf 78' lang='grc' dir='ltr'><strong><em>περὶτῆς</em></strong></span> <span class='ocrx_word' id='word_1_58' title='bbox 612 1057 783 1140; x_wconf 74' lang='grc' dir='ltr'><strong><em>βασιλείας</em></strong></span> <span class='ocrx_word' id='word_1_59' title='bbox 805 1055 906 1143; x_wconf 78' lang='grc' dir='ltr'><strong><em>αὐτῷ,</em></strong></span> <span class='ocrx_word' id='word_1_60' title='bbox 930 1055 947 1121; x_wconf 86' lang='grc' dir='ltr'>ὁ</span> <span class='ocrx_word' id='word_1_61' title='bbox 972 1057 1114 1141; x_wconf 90' lang='grc' dir='ltr'><strong><em>Φαραώ-</em></strong></span> 
     </span>
     <span class='ocr_line' id='line_1_10' title="bbox 93 1160 1113 1248; baseline 0 -20"><span class='ocrx_word' id='word_1_62' title='bbox 93 1167 161 1247; x_wconf 78' lang='grc' dir='ltr'><strong><em>θης</em></strong></span> <span class='ocrx_word' id='word_1_63' title='bbox 197 1160 404 1228; x_wconf 78' lang='grc' dir='ltr'><strong><em>ἐπυνθάνετο</em></strong></span> <span class='ocrx_word' id='word_1_64' title='bbox 440 1165 546 1228; x_wconf 88' lang='grc' dir='ltr'><strong><em>πόσον</em></strong></span> <span class='ocrx_word' id='word_1_65' title='bbox 586 1163 651 1245; x_wconf 87' lang='grc' dir='ltr'><strong><em>ήδη</em></strong></span> <span class='ocrx_word' id='word_1_66' title='bbox 688 1162 856 1246; x_wconf 83' lang='grc' dir='ltr'><strong><em>βεβιωκώς</em></strong></span> <span class='ocrx_word' id='word_1_67' title='bbox 892 1168 942 1246; x_wconf 81' lang='grc' dir='ltr'><strong><em>εἰη</em></strong></span> <span class='ocrx_word' id='word_1_68' title='bbox 979 1165 1113 1248; x_wconf 91' lang='grc' dir='ltr'><strong><em>χρόνον.</em></strong></span> 
     </span>
     <span class='ocr_line' id='line_1_11' title="bbox 95 1265 1156 1360; baseline -0.005 -25"><span class='ocrx_word' id='word_1_69' title='bbox 95 1267 206 1352; x_wconf 88' lang='grc'>&lt;188&gt;</span> <span class='ocrx_word' id='word_1_70' title='bbox 227 1277 288 1335; x_wconf 88' lang='grc' dir='ltr'><strong><em>τοῦ</em></strong></span> <span class='ocrx_word' id='word_1_71' title='bbox 307 1265 340 1333; x_wconf 91' lang='grc' dir='ltr'><strong><em>δ’</em></strong></span> <span class='ocrx_word' id='word_1_72' title='bbox 363 1265 481 1334; x_wconf 85' lang='grc' dir='ltr'><strong><em>έκατὸν</em></strong></span> <span class='ocrx_word' id='word_1_73' title='bbox 500 1269 555 1352; x_wconf 84' lang='grc' dir='ltr'><strong><em>ἔτη</em></strong></span> <span class='ocrx_word' id='word_1_74' title='bbox 577 1265 633 1332; x_wconf 85' lang='grc' dir='ltr'><strong><em>καί</em></strong></span> <span class='ocrx_word' id='word_1_75' title='bbox 655 1267 832 1354; x_wconf 89' lang='grc' dir='ltr'><strong><em>τριάκοντα</em></strong></span> <span class='ocrx_word' id='word_1_76' title='bbox 854 1265 1027 1360; x_wconf 89' lang='grc' dir='ltr'><strong><em>γεγονέναι</em></strong></span> <span class='ocrx_word' id='word_1_77' title='bbox 1051 1272 1115 1353; x_wconf 82' lang='grc' dir='ltr'><strong><em>φή-</em></strong></span> <span class='ocrx_word' id='word_1_78' title='bbox 1130 1291 1156 1330; x_wconf 87' lang='lat'><strong><em>10</em></strong></span> 
     </span>
     <span class='ocr_line' id='line_1_12' title="bbox 96 1371 1114 1459; baseline 0.001 -20"><span class='ocrx_word' id='word_1_79' title='bbox 96 1389 231 1459; x_wconf 88' lang='grc' dir='ltr'><strong><em>σαντος,</em></strong></span> <span class='ocrx_word' id='word_1_80' title='bbox 258 1373 428 1459; x_wconf 81' lang='grc' dir='ltr'><strong><em>ἐθαύμασε</em></strong></span> <span class='ocrx_word' id='word_1_81' title='bbox 451 1383 511 1440; x_wconf 86' lang='grc' dir='ltr'><strong><em>τοῦ</em></strong></span> <span class='ocrx_word' id='word_1_82' title='bbox 534 1376 660 1459; x_wconf 80' lang='grc' dir='ltr'><strong><em>μήκους</em></strong></span> <span class='ocrx_word' id='word_1_83' title='bbox 681 1382 738 1457; x_wconf 80' lang='grc' dir='ltr'><strong><em>τῆς</em></strong></span> <span class='ocrx_word' id='word_1_84' title='bbox 762 1376 844 1457; x_wconf 82' lang='grc' dir='ltr'><strong><em>ζωῆς</em></strong></span> <span class='ocrx_word' id='word_1_85' title='bbox 865 1376 924 1440; x_wconf 90' lang='grc' dir='ltr'><strong><em>τὸν</em></strong></span> <span class='ocrx_word' id='word_1_86' title='bbox 945 1371 1114 1459; x_wconf 91' lang='grc' dir='ltr'><strong><em>Ἰάκωβον.</em></strong></span> 
     </span>
     <span class='ocr_line' id='line_1_13' title="bbox 95 1477 1115 1566; baseline 0.001 -21"><span class='ocrx_word' id='word_1_87' title='bbox 95 1477 291 1558; x_wconf 74' lang='grc' dir='ltr'><strong><em>εἰπόντοςδ</em></strong></span> <span class='ocrx_word' id='word_1_88' title='bbox 310 1481 355 1557; x_wconf 87' lang='grc' dir='ltr'><strong><em>ώς</em></strong></span> <span class='ocrx_word' id='word_1_89' title='bbox 372 1481 494 1564; x_wconf 89' lang='grc' dir='ltr'><strong><em>ήττονα</em></strong></span> <span class='ocrx_word' id='word_1_90' title='bbox 511 1491 578 1545; x_wconf 81' lang='grc' dir='ltr'><strong><em>τῶν</em></strong></span> <span class='ocrx_word' id='word_1_91' title='bbox 596 1482 774 1566; x_wconf 89' lang='grc' dir='ltr'><strong><em>προγόνων</em></strong></span> <span class='ocrx_word' id='word_1_92' title='bbox 793 1486 844 1565; x_wconf 81' lang='grc' dir='ltr'><strong><em>εἰη</em></strong></span> <span class='ocrx_word' id='word_1_93' title='bbox 862 1481 1032 1566; x_wconf 83' lang='grc' dir='ltr'><strong><em>βεβιωκὼς</em></strong></span> <span class='ocrx_word' id='word_1_94' title='bbox 1045 1483 1115 1566; x_wconf 80' lang='grc' dir='ltr'><strong><em>ἔτη,</em></strong></span> 
     </span>
     <span class='ocr_line' id='line_1_14' title="bbox 96 1585 1113 1674; baseline 0 -21"><span class='ocrx_word' id='word_1_95' title='bbox 96 1588 329 1672; x_wconf 80' lang='grc' dir='ltr'><strong><em>συνεχώρησεν</em></strong></span> <span class='ocrx_word' id='word_1_96' title='bbox 343 1586 431 1674; x_wconf 77' lang='grc' dir='ltr'><strong><em>αὐτῷ</em></strong></span> <span class='ocrx_word' id='word_1_97' title='bbox 449 1590 505 1671; x_wconf 81' lang='grc' dir='ltr'><strong><em>ζῆν</em></strong></span> <span class='ocrx_word' id='word_1_98' title='bbox 519 1587 599 1671; x_wconf 88' lang='grc' dir='ltr'><strong><em>μετά</em></strong></span> <span class='ocrx_word' id='word_1_99' title='bbox 614 1596 680 1651; x_wconf 86' lang='grc' dir='ltr'><strong><em>τών</em></strong></span> <span class='ocrx_word' id='word_1_100' title='bbox 695 1585 819 1653; x_wconf 87' lang='grc' dir='ltr'><strong><em>τέκνων</em></strong></span> <span class='ocrx_word' id='word_1_101' title='bbox 834 1585 871 1652; x_wconf 83' lang='grc' dir='ltr'><strong><em>ἰν</em></strong></span> <span class='ocrx_word' id='word_1_102' title='bbox 885 1585 1113 1653; x_wconf 86' lang='grc' dir='ltr'><strong><em>Ἡλιουπόλει·</em></strong></span> 
     </span>
     <span class='ocr_line' id='line_1_15' title="bbox 95 1688 1114 1780; baseline 0.001 -21"><span class='ocrx_word' id='word_1_103' title='bbox 95 1691 133 1759; x_wconf 80' lang='grc' dir='ltr'><strong><em>έν</em></strong></span> <span class='ocrx_word' id='word_1_104' title='bbox 156 1691 265 1780; x_wconf 79' lang='grc' dir='ltr'><strong><em>ἐκείνη</em></strong></span> <span class='ocrx_word' id='word_1_105' title='bbox 288 1689 360 1780; x_wconf 70' lang='grc' dir='ltr'><strong><em>γάρ]</em></strong></span> <span class='ocrx_word' id='word_1_106' title='bbox 377 1690 432 1757; x_wconf 88' lang='grc' dir='ltr'><strong><em>καί</em></strong></span> <span class='ocrx_word' id='word_1_107' title='bbox 451 1693 486 1759; x_wconf 93' lang='grc' dir='ltr'><strong><em>οἰ</em></strong></span> <span class='ocrx_word' id='word_1_108' title='bbox 501 1689 655 1778; x_wconf 88' lang='grc' dir='ltr'><strong><em>ποιμένες</em></strong></span> <span class='ocrx_word' id='word_1_109' title='bbox 678 1693 781 1760; x_wconf 84' lang='grc' dir='ltr'><strong><em>αὐτοῦ</em></strong></span> <span class='ocrx_word' id='word_1_110' title='bbox 804 1694 862 1770; x_wconf 87' lang='grc' dir='ltr'><strong><em>τάς</em></strong></span> <span class='ocrx_word' id='word_1_111' title='bbox 883 1694 989 1778; x_wconf 85' lang='grc' dir='ltr'><strong><em>νομάς</em></strong></span> <span class='ocrx_word' id='word_1_112' title='bbox 1011 1688 1114 1779; x_wconf 86' lang='grc' dir='ltr'><strong><em>εἰχον.</em></strong></span> 
     </span>
    </p>

    <p class='ocr_par' dir='ltr' id='par_1_3' title="bbox 61 1795 1156 3160">
     <span class='ocr_line' id='line_1_16' title="bbox 61 1795 1156 1886; baseline -0.004 -22"><span class='ocrx_word' id='word_1_113' title='bbox 61 1814 77 1864; x_wconf 81' lang='lat'><strong><em>&#39;1</em></strong></span> <span class='ocrx_word' id='word_1_114' title='bbox 162 1798 272 1883; x_wconf 74' lang='lat'>(189)</span> <span class='ocrx_word' id='word_1_115' title='bbox 296 1799 313 1865; x_wconf 85' lang='grc' dir='ltr'>ὁ</span> <span class='ocrx_word' id='word_1_116' title='bbox 338 1795 375 1864; x_wconf 67' lang='grc' dir='ltr'><strong><em>δὲ</em></strong></span> <span class='ocrx_word' id='word_1_117' title='bbox 397 1797 497 1886; x_wconf 68' lang='grc' dir='ltr'><strong><em>ξλιμὸς</em></strong></span> <span class='ocrx_word' id='word_1_118' title='bbox 523 1809 593 1875; x_wconf 80' lang='grc' dir='ltr'><strong><em>τοϊς</em></strong></span> <span class='ocrx_word' id='word_1_119' title='bbox 615 1800 810 1882; x_wconf 89' lang='grc' dir='ltr'><strong><em>Αἰγυπτίοις</em></strong></span> <span class='ocrx_word' id='word_1_120' title='bbox 832 1797 1013 1866; x_wconf 82' lang='grc' dir='ltr'><strong><em>ἐπετείνετο</em></strong></span> <span class='ocrx_word' id='word_1_121' title='bbox 1020 1850 1030 1885; x_wconf 90' lang='grc'><strong><em>,</em></strong></span> <span class='ocrx_word' id='word_1_122' title='bbox 1058 1800 1115 1867; x_wconf 80' lang='grc' dir='ltr'><strong><em>καὶ</em></strong></span> <span class='ocrx_word' id='word_1_123' title='bbox 1130 1820 1156 1861; x_wconf 84' lang='lat'><strong><em>15</em></strong></span> 
     </span>
     <span class='ocr_line' id='line_1_17' title="bbox 95 1903 1115 1992; baseline 0.003 -21"><span class='ocrx_word' id='word_1_124' title='bbox 95 1907 134 1971; x_wconf 89' lang='grc' dir='ltr'><strong><em>τδ</em></strong></span> <span class='ocrx_word' id='word_1_125' title='bbox 157 1907 271 1972; x_wconf 87' lang='grc' dir='ltr'><strong><em>δεινὸν</em></strong></span> <span class='ocrx_word' id='word_1_126' title='bbox 298 1904 509 1992; x_wconf 81' lang='grc' dir='ltr'><strong><em>ἀπορώτερον</em></strong></span> <span class='ocrx_word' id='word_1_127' title='bbox 537 1906 585 1968; x_wconf 80' lang='grc' dir='ltr'><strong><em>ἔτι</em></strong></span> <span class='ocrx_word' id='word_1_128' title='bbox 611 1903 667 1969; x_wconf 85' lang='grc' dir='ltr'><strong><em>καί</em></strong></span> <span class='ocrx_word' id='word_1_129' title='bbox 690 1910 817 1989; x_wconf 86' lang='grc' dir='ltr'><strong><em>μᾶλλον</em></strong></span> <span class='ocrx_word' id='word_1_130' title='bbox 840 1906 952 1983; x_wconf 77' lang='grc' dir='ltr'><strong><em>αὐτοῖς</em></strong></span> <span class='ocrx_word' id='word_1_131' title='bbox 975 1904 1115 1991; x_wconf 80' lang='grc' dir='ltr'><strong><em>ἐγίνετο,</em></strong></span> 
     </span>
     <span class='ocr_line' id='line_1_18' title="bbox 95 2007 1115 2098; baseline 0 -21"><span class='ocrx_word' id='word_1_132' title='bbox 95 2015 178 2096; x_wconf 75' lang='grc' dir='ltr'><strong><em>μήτε</em></strong></span> <span class='ocrx_word' id='word_1_133' title='bbox 194 2022 256 2079; x_wconf 86' lang='grc' dir='ltr'><strong><em>τοῦ</em></strong></span> <span class='ocrx_word' id='word_1_134' title='bbox 273 2020 423 2095; x_wconf 87' lang='grc' dir='ltr'><strong><em>ποταμοῦ</em></strong></span> <span class='ocrx_word' id='word_1_135' title='bbox 442 2011 502 2094; x_wconf 88' lang='grc' dir='ltr'><strong><em>τήν</em></strong></span> <span class='ocrx_word' id='word_1_136' title='bbox 521 2018 584 2094; x_wconf 87' lang='grc' dir='ltr'><strong><em>γήν</em></strong></span> <span class='ocrx_word' id='word_1_137' title='bbox 604 2007 816 2096; x_wconf 77' lang='grc' dir='ltr'><strong><em>ἐπάρδοντος,</em></strong></span> <span class='ocrx_word' id='word_1_138' title='bbox 839 2012 960 2098; x_wconf 84' lang='grc' dir='ltr'><strong><em>οὐγὰρ</em></strong></span> <span class='ocrx_word' id='word_1_139' title='bbox 979 2010 1115 2098; x_wconf 78' lang='grc' dir='ltr'><strong><em>ηὔξανε,</em></strong></span> 
     </span>
     <span class='ocr_line' id='line_1_19' title="bbox 95 2114 1114 2203; baseline 0 -19"><span class='ocrx_word' id='word_1_140' title='bbox 95 2116 178 2203; x_wconf 79' lang='grc' dir='ltr'><strong><em>μήθ’</em></strong></span> <span class='ocrx_word' id='word_1_141' title='bbox 205 2119 324 2194; x_wconf 77' lang='grc' dir='ltr'><strong><em>ὕοντος</em></strong></span> <span class='ocrx_word' id='word_1_142' title='bbox 346 2126 406 2183; x_wconf 88' lang='grc' dir='ltr'><strong><em>τοῦ</em></strong></span> <span class='ocrx_word' id='word_1_143' title='bbox 428 2123 529 2201; x_wconf 77' lang='grc' dir='ltr'><strong><em>θεοῦ,</em></strong></span> <span class='ocrx_word' id='word_1_144' title='bbox 552 2116 716 2203; x_wconf 91' lang='grc' dir='ltr'><strong><em>πρόνοιάν</em></strong></span> <span class='ocrx_word' id='word_1_145' title='bbox 737 2139 772 2181; x_wconf 97' lang='grc' dir='ltr'><strong><em>τε</em></strong></span> <span class='ocrx_word' id='word_1_146' title='bbox 796 2119 960 2202; x_wconf 89' lang='grc' dir='ltr'><strong><em>μηδεμίαν</em></strong></span> <span class='ocrx_word' id='word_1_147' title='bbox 984 2114 1114 2184; x_wconf 81' lang='grc' dir='ltr'><strong><em>ἑαυτῶν</em></strong></span> 
     </span>
     <span class='ocr_line' id='line_1_20' title="bbox 96 2221 1114 2309; baseline 0.001 -20"><span class='ocrx_word' id='word_1_148' title='bbox 96 2222 153 2290; x_wconf 87' lang='grc' dir='ltr'><strong><em>ὑπ’</em></strong></span> <span class='ocrx_word' id='word_1_149' title='bbox 175 2223 311 2308; x_wconf 78' lang='grc' dir='ltr'><strong><em>ἀγνοίας</em></strong></span> <span class='ocrx_word' id='word_1_150' title='bbox 328 2223 572 2309; x_wconf 86' lang='grc' dir='ltr'><strong><em>πεποιημένων,</em></strong></span> <span class='ocrx_word' id='word_1_151' title='bbox 594 2222 650 2289; x_wconf 87' lang='grc' dir='ltr'><strong><em>καί</em></strong></span> <span class='ocrx_word' id='word_1_152' title='bbox 672 2232 732 2289; x_wconf 84' lang='grc' dir='ltr'><strong><em>τοῦ</em></strong></span> <span class='ocrx_word' id='word_1_153' title='bbox 752 2221 913 2308; x_wconf 83' lang='grc' dir='ltr'><strong><em>Ἰωσήπου</em></strong></span> <span class='ocrx_word' id='word_1_154' title='bbox 936 2226 995 2290; x_wconf 92' lang='grc' dir='ltr'><strong><em>τὸν</em></strong></span> <span class='ocrx_word' id='word_1_155' title='bbox 1019 2235 1114 2291; x_wconf 77' lang='grc' dir='ltr'><strong><em>σῖτον</em></strong></span> 
     </span>
     <span class='ocr_line' id='line_1_21' title="bbox 97 2325 1156 2416; baseline -0.005 -20"><span class='ocrx_word' id='word_1_156' title='bbox 97 2328 151 2396; x_wconf 80' lang='grc' dir='ltr'><strong><em>ἐπὶ</em></strong></span> <span class='ocrx_word' id='word_1_157' title='bbox 182 2333 346 2416; x_wconf 88' lang='grc' dir='ltr'><strong><em>χρήμασιν</em></strong></span> <span class='ocrx_word' id='word_1_158' title='bbox 379 2330 491 2408; x_wconf 80' lang='grc' dir='ltr'><strong><em>αὐτοῖς</em></strong></span> <span class='ocrx_word' id='word_1_159' title='bbox 523 2332 684 2407; x_wconf 76' lang='grc' dir='ltr'><strong><em>διδόντος.</em></strong></span> <span class='ocrx_word' id='word_1_160' title='bbox 731 2329 776 2406; x_wconf 83' lang='grc' dir='ltr'><strong><em>ὡς</em></strong></span> <span class='ocrx_word' id='word_1_161' title='bbox 808 2325 846 2395; x_wconf 70' lang='grc' dir='ltr'><strong><em>δέ</em></strong></span> <span class='ocrx_word' id='word_1_162' title='bbox 876 2327 966 2396; x_wconf 82' lang='grc' dir='ltr'><strong><em>ταῦτ’</em></strong></span> <span class='ocrx_word' id='word_1_163' title='bbox 1001 2331 1115 2409; x_wconf 76' lang='grc' dir='ltr'><strong><em>αὐτοῖς</em></strong></span> <span class='ocrx_word' id='word_1_164' title='bbox 1129 2352 1156 2392; x_wconf 80' lang='grc' dir='ltr'><strong><em>ιο</em></strong></span> 
     </span>
     <span class='ocr_line' id='line_1_22' title="bbox 97 2434 1116 2520; baseline 0 -17"><span class='ocrx_word' id='word_1_165' title='bbox 97 2434 241 2519; x_wconf 81' lang='grc' dir='ltr'><strong><em>ἐπέλιπε,</em></strong></span> <span class='ocrx_word' id='word_1_166' title='bbox 261 2447 329 2502; x_wconf 83' lang='grc' dir='ltr'><strong><em>τῶν</em></strong></span> <span class='ocrx_word' id='word_1_167' title='bbox 347 2437 566 2520; x_wconf 80' lang='grc' dir='ltr'><strong><em>βοσκημάτων</em></strong></span> <span class='ocrx_word' id='word_1_168' title='bbox 585 2435 751 2502; x_wconf 81' lang='grc' dir='ltr'><strong><em>ἐωνοῦντο</em></strong></span> <span class='ocrx_word' id='word_1_169' title='bbox 769 2437 828 2501; x_wconf 89' lang='grc' dir='ltr'><strong><em>τὸν</em></strong></span> <span class='ocrx_word' id='word_1_170' title='bbox 852 2447 945 2502; x_wconf 81' lang='grc' dir='ltr'><strong><em>σῖτον</em></strong></span> <span class='ocrx_word' id='word_1_171' title='bbox 968 2434 1024 2501; x_wconf 86' lang='grc' dir='ltr'><strong><em>καί</em></strong></span> <span class='ocrx_word' id='word_1_172' title='bbox 1046 2448 1116 2503; x_wconf 82' lang='grc' dir='ltr'><strong><em>τῶν</em></strong></span> 
     </span>
     <span class='ocr_line' id='line_1_23' title="bbox 97 2534 1116 2629; baseline 0.002 -22"><span class='ocrx_word' id='word_1_173' title='bbox 97 2541 329 2627; x_wconf 90' lang='grc' dir='ltr'><strong><em>ἀνδραπόδων.</em></strong></span> <span class='ocrx_word' id='word_1_174' title='bbox 374 2541 484 2625; x_wconf 87' lang='grc'>&lt;190&gt;</span> <span class='ocrx_word' id='word_1_175' title='bbox 502 2534 552 2618; x_wconf 83' lang='grc' dir='ltr'><strong><em>οἷς</em></strong></span> <span class='ocrx_word' id='word_1_176' title='bbox 571 2538 609 2606; x_wconf 73' lang='grc' dir='ltr'><strong><em>δὲ</em></strong></span> <span class='ocrx_word' id='word_1_177' title='bbox 626 2539 682 2620; x_wconf 88' lang='grc' dir='ltr'><strong><em>καί</em></strong></span> <span class='ocrx_word' id='word_1_178' title='bbox 700 2550 760 2626; x_wconf 84' lang='grc' dir='ltr'><strong><em>γής</em></strong></span> <span class='ocrx_word' id='word_1_179' title='bbox 778 2564 827 2618; x_wconf 94' lang='grc' dir='ltr'><strong><em>τις</em></strong></span> <span class='ocrx_word' id='word_1_180' title='bbox 844 2537 887 2626; x_wconf 86' lang='grc' dir='ltr'><strong><em>ήν</em></strong></span> <span class='ocrx_word' id='word_1_181' title='bbox 906 2554 1017 2629; x_wconf 84' lang='grc' dir='ltr'><strong><em>μοίρα,</em></strong></span> <span class='ocrx_word' id='word_1_182' title='bbox 1040 2545 1116 2609; x_wconf 89' lang='grc' dir='ltr'><strong><em>ταύ-</em></strong></span> 
     </span>
     <span class='ocr_line' id='line_1_24' title="bbox 96 2645 1116 2735; baseline 0 -20"><span class='ocrx_word' id='word_1_183' title='bbox 96 2672 158 2734; x_wconf 87' lang='grc' dir='ltr'><strong><em>την</em></strong></span> <span class='ocrx_word' id='word_1_184' title='bbox 181 2649 398 2735; x_wconf 85' lang='grc' dir='ltr'><strong><em>παρεχώρουν</em></strong></span> <span class='ocrx_word' id='word_1_185' title='bbox 422 2645 475 2713; x_wconf 79' lang='grc' dir='ltr'><strong><em>ἐπὶ</em></strong></span> <span class='ocrx_word' id='word_1_186' title='bbox 496 2655 574 2733; x_wconf 79' lang='grc' dir='ltr'><strong><em>τιμή</em></strong></span> <span class='ocrx_word' id='word_1_187' title='bbox 593 2656 726 2734; x_wconf 84' lang='grc' dir='ltr'><strong><em>τροφής.</em></strong></span> <span class='ocrx_word' id='word_1_188' title='bbox 771 2648 858 2714; x_wconf 78' lang='grc' dir='ltr'><strong><em>οὕτω</em></strong></span> <span class='ocrx_word' id='word_1_189' title='bbox 881 2672 915 2714; x_wconf 89' lang='grc' dir='ltr'><strong><em>τε</em></strong></span> <span class='ocrx_word' id='word_1_190' title='bbox 938 2658 998 2715; x_wconf 87' lang='grc' dir='ltr'><strong><em>τοῦ</em></strong></span> <span class='ocrx_word' id='word_1_191' title='bbox 1020 2653 1116 2734; x_wconf 91' lang='grc' dir='ltr'><strong><em>βασι-</em></strong></span> 
     </span>
     <span class='ocr_line' id='line_1_25' title="bbox 97 2752 1115 2841; baseline 0.002 -21"><span class='ocrx_word' id='word_1_192' title='bbox 97 2752 180 2832; x_wconf 88' lang='grc' dir='ltr'><strong><em>λέως</em></strong></span> <span class='ocrx_word' id='word_1_193' title='bbox 198 2754 305 2839; x_wconf 89' lang='grc' dir='ltr'><strong><em>πάσης</em></strong></span> <span class='ocrx_word' id='word_1_194' title='bbox 322 2753 431 2819; x_wconf 83' lang='grc' dir='ltr'><strong><em>αὐτῶν</em></strong></span> <span class='ocrx_word' id='word_1_195' title='bbox 450 2763 507 2839; x_wconf 88' lang='grc' dir='ltr'><strong><em>τής</em></strong></span> <span class='ocrx_word' id='word_1_196' title='bbox 523 2756 716 2840; x_wconf 83' lang='grc' dir='ltr'><strong><em>περιουσίας</em></strong></span> <span class='ocrx_word' id='word_1_197' title='bbox 737 2758 856 2841; x_wconf 90' lang='grc' dir='ltr'><strong><em>κυρίου</em></strong></span> <span class='ocrx_word' id='word_1_198' title='bbox 878 2754 1115 2841; x_wconf 82' lang='grc' dir='ltr'><strong><em>γεγενημένου,</em></strong></span> 
     </span>
     <span class='ocr_line' id='line_1_26' title="bbox 96 2858 1155 2950; baseline -0.002 -24"><span class='ocrx_word' id='word_1_199' title='bbox 96 2863 351 2950; x_wconf 74' lang='grc' dir='ltr'><strong><em>μετῳκίσθησαν</em></strong></span> <span class='ocrx_word' id='word_1_200' title='bbox 378 2861 478 2937; x_wconf 87' lang='grc' dir='ltr'><strong><em>άλλος</em></strong></span> <span class='ocrx_word' id='word_1_201' title='bbox 508 2858 687 2944; x_wconf 90' lang='grc' dir='ltr'><strong><em>ἀλλαχόσε,</em></strong></span> <span class='ocrx_word' id='word_1_202' title='bbox 717 2860 805 2937; x_wconf 79' lang='grc' dir='ltr'><strong><em>ὅπως</em></strong></span> <span class='ocrx_word' id='word_1_203' title='bbox 832 2864 948 2944; x_wconf 90' lang='grc' dir='ltr'><strong><em>βεβαία</em></strong></span> <span class='ocrx_word' id='word_1_204' title='bbox 978 2860 1113 2946; x_wconf 85' lang='grc' dir='ltr'><strong><em>γένηται</em></strong></span> <span class='ocrx_word' id='word_1_205' title='bbox 1128 2881 1155 2924; x_wconf 78' lang='grc' dir='ltr'><strong><em>ιι</em></strong></span> 
     </span>
     <span class='ocr_line' id='line_1_27' title="bbox 96 2966 1114 3054; baseline 0.005 -24"><span class='ocrx_word' id='word_1_206' title='bbox 96 2975 142 3054; x_wconf 75' lang='grc' dir='ltr'><strong><em>τῷ</em></strong></span> <span class='ocrx_word' id='word_1_207' title='bbox 174 2970 307 3052; x_wconf 74' lang='grc' dir='ltr'><strong><em>βασιλεῖ</em></strong></span> <span class='ocrx_word' id='word_1_208' title='bbox 333 2974 391 3050; x_wconf 87' lang='grc' dir='ltr'><strong><em>τής</em></strong></span> <span class='ocrx_word' id='word_1_209' title='bbox 422 2967 531 3053; x_wconf 88' lang='grc' dir='ltr'><strong><em>χώρας</em></strong></span> <span class='ocrx_word' id='word_1_210' title='bbox 561 2966 689 3032; x_wconf 86' lang='grc' dir='ltr'><strong><em>τούτων</em></strong></span> <span class='ocrx_word' id='word_1_211' title='bbox 715 2967 736 3051; x_wconf 89' lang='grc' dir='ltr'><strong><em>ή</em></strong></span> <span class='ocrx_word' id='word_1_212' title='bbox 765 2975 896 3051; x_wconf 86' lang='grc' dir='ltr'><strong><em>κτήσις,</em></strong></span> <span class='ocrx_word' id='word_1_213' title='bbox 928 2970 1016 3053; x_wconf 91' lang='grc' dir='ltr'><strong><em>πλήν</em></strong></span> <span class='ocrx_word' id='word_1_214' title='bbox 1046 2981 1114 3035; x_wconf 86' lang='grc' dir='ltr'><strong><em>τών</em></strong></span> 
     </span>
     <span class='ocr_line' id='line_1_28' title="bbox 98 3070 1115 3160; baseline 0.003 -23"><span class='ocrx_word' id='word_1_215' title='bbox 98 3070 227 3159; x_wconf 89' lang='grc' dir='ltr'><strong><em>ἰερέων·</em></strong></span> <span class='ocrx_word' id='word_1_216' title='bbox 259 3073 390 3149; x_wconf 86' lang='grc' dir='ltr'><strong><em>τούτοις</em></strong></span> <span class='ocrx_word' id='word_1_217' title='bbox 425 3073 488 3158; x_wconf 86' lang='grc' dir='ltr'><strong><em>γάρ</em></strong></span> <span class='ocrx_word' id='word_1_218' title='bbox 526 3074 641 3157; x_wconf 79' lang='grc' dir='ltr'><strong><em>ἔμενεν</em></strong></span> <span class='ocrx_word' id='word_1_219' title='bbox 668 3073 688 3156; x_wconf 88' lang='grc' dir='ltr'><strong><em>ή</em></strong></span> <span class='ocrx_word' id='word_1_220' title='bbox 717 3075 807 3160; x_wconf 88' lang='grc' dir='ltr'><strong><em>χώρα</em></strong></span> <span class='ocrx_word' id='word_1_221' title='bbox 839 3074 960 3146; x_wconf 84' lang='grc' dir='ltr'><strong><em>αὐτῶν.</em></strong></span> <span class='ocrx_word' id='word_1_222' title='bbox 1004 3077 1115 3158; x_wconf 80' lang='lat'>&lt;191&gt;</span> 
     </span>
    </p>
   </div>
   <div class='ocr_carea' id='block_1_3' title="bbox 90 3173 1157 3578">
    <p class='ocr_par' dir='ltr' id='par_1_4' title="bbox 97 3173 1115 3264">
     <span class='ocr_line' id='line_1_29' title="bbox 97 3173 1115 3264; baseline 0.004 -22"><span class='ocrx_word' id='word_1_223' title='bbox 97 3176 241 3246; x_wconf 83' lang='grc' dir='ltr'><strong><em>έδοόλου</em></strong></span> <span class='ocrx_word' id='word_1_224' title='bbox 259 3173 288 3245; x_wconf 92' lang='grc' dir='ltr'><strong><em>τ’</em></strong></span> <span class='ocrx_word' id='word_1_225' title='bbox 310 3179 420 3245; x_wconf 80' lang='grc' dir='ltr'><strong><em>αὐτῶν</em></strong></span> <span class='ocrx_word' id='word_1_226' title='bbox 438 3178 479 3245; x_wconf 86' lang='grc' dir='ltr'><strong><em>οὐ</em></strong></span> <span class='ocrx_word' id='word_1_227' title='bbox 498 3180 537 3244; x_wconf 84' lang='grc' dir='ltr'><strong><em>τά</em></strong></span> <span class='ocrx_word' id='word_1_228' title='bbox 557 3181 690 3264; x_wconf 88' lang='grc' dir='ltr'><strong><em>σώματα</em></strong></span> <span class='ocrx_word' id='word_1_229' title='bbox 708 3183 814 3264; x_wconf 91' lang='grc' dir='ltr'><strong><em>μόνον</em></strong></span> <span class='ocrx_word' id='word_1_230' title='bbox 832 3184 869 3248; x_wconf 89' lang='grc' dir='ltr'><strong><em>τὸ</em></strong></span> <span class='ocrx_word' id='word_1_231' title='bbox 894 3183 1007 3249; x_wconf 89' lang='grc' dir='ltr'><strong><em>δεινὸν</em></strong></span> <span class='ocrx_word' id='word_1_232' title='bbox 1031 3181 1115 3247; x_wconf 85' lang='grc' dir='ltr'><strong><em>άλλδι</em></strong></span> 
     </span>
    </p>

    <p class='ocr_par' dir='ltr' id='par_1_5' title="bbox 97 3282 1114 3374">
     <span class='ocr_line' id='line_1_30' title="bbox 97 3282 1114 3374; baseline 0.005 -25"><span class='ocrx_word' id='word_1_233' title='bbox 97 3282 153 3350; x_wconf 86' lang='grc' dir='ltr'><strong><em>καὶ</em></strong></span> <span class='ocrx_word' id='word_1_234' title='bbox 175 3286 233 3363; x_wconf 88' lang='grc' dir='ltr'><strong><em>τάς</em></strong></span> <span class='ocrx_word' id='word_1_235' title='bbox 252 3287 412 3370; x_wconf 89' lang='grc' dir='ltr'><strong><em>διανοίας,</em></strong></span> <span class='ocrx_word' id='word_1_236' title='bbox 434 3283 489 3351; x_wconf 86' lang='grc' dir='ltr'><strong><em>καὶ</em></strong></span> <span class='ocrx_word' id='word_1_237' title='bbox 507 3288 544 3352; x_wconf 92' lang='grc' dir='ltr'><strong><em>τὸ</em></strong></span> <span class='ocrx_word' id='word_1_238' title='bbox 564 3288 682 3352; x_wconf 92' lang='grc' dir='ltr'><strong><em>λοιπὸν</em></strong></span> <span class='ocrx_word' id='word_1_239' title='bbox 701 3288 748 3363; x_wconf 89' lang='grc' dir='ltr'><strong><em>εἰς</em></strong></span> <span class='ocrx_word' id='word_1_240' title='bbox 766 3285 937 3373; x_wconf 83' lang='grc' dir='ltr'><strong><em>ἀσχήμονα</em></strong></span> <span class='ocrx_word' id='word_1_241' title='bbox 960 3298 1017 3374; x_wconf 79' lang='grc' dir='ltr'><strong><em>τῆς</em></strong></span> <span class='ocrx_word' id='word_1_242' title='bbox 1039 3311 1114 3374; x_wconf 89' lang='grc' dir='ltr'><strong><em>τρο-</em></strong></span> 
     </span>
    </p>

    <p class='ocr_par' dir='ltr' id='par_1_6' title="bbox 90 3391 1157 3578">
     <span class='ocr_line' id='line_1_31' title="bbox 90 3391 1157 3480; baseline 0.003 -23"><span class='ocrx_word' id='word_1_243' title='bbox 90 3400 163 3475; x_wconf 81' lang='grc' dir='ltr'><strong><em>φής</em></strong></span> <span class='ocrx_word' id='word_1_244' title='bbox 177 3392 341 3480; x_wconf 80' lang='grc' dir='ltr'><strong><em>εὐπορίαν</em></strong></span> <span class='ocrx_word' id='word_1_245' title='bbox 359 3392 480 3471; x_wconf 82' lang='grc' dir='ltr'><strong><em>αὐτοὺς</em></strong></span> <span class='ocrx_word' id='word_1_246' title='bbox 496 3394 728 3478; x_wconf 76' lang='grc' dir='ltr'><strong><em>κατηνάγκαζε.</em></strong></span> <span class='ocrx_word' id='word_1_247' title='bbox 765 3398 980 3479; x_wconf 86' lang='grc' dir='ltr'><strong><em>λωφήσαντος</em></strong></span> <span class='ocrx_word' id='word_1_248' title='bbox 998 3391 1035 3460; x_wconf 67' lang='grc' dir='ltr'><strong><em>δὲ</em></strong></span> <span class='ocrx_word' id='word_1_249' title='bbox 1053 3404 1115 3460; x_wconf 88' lang='grc' dir='ltr'><strong><em>τοῦ</em></strong></span> <span class='ocrx_word' id='word_1_250' title='bbox 1129 3411 1157 3452; x_wconf 74' lang='lat'><strong><em>³⁰</em></strong></span> 
     </span>
     <span class='ocr_line' id='line_1_32' title="bbox 144 3515 552 3578; baseline -0.005 0"><span class='ocrx_word' id='word_1_251' title='bbox 144 3516 165 3578; x_wconf 72' lang='grc' dir='ltr'><em>ἕ</em></span> <span class='ocrx_word' id='word_1_252' title='bbox 185 3520 245 3572; x_wconf 83' lang='grc'><strong><em>187</em></strong></span> <span class='ocrx_word' id='word_1_253' title='bbox 257 3541 296 3564; x_wconf 83' lang='lat'>=</span> <span class='ocrx_word' id='word_1_254' title='bbox 311 3516 381 3575; x_wconf 75' lang='lat' dir='ltr'><strong><em>Gon.</em></strong></span> <span class='ocrx_word' id='word_1_255' title='bbox 402 3515 509 3575; x_wconf 78' lang='lat' dir='ltr'>XLVII</span> <span class='ocrx_word' id='word_1_256' title='bbox 527 3522 552 3575; x_wconf 92' lang='lat'><strong><em>8.</em></strong></span> 
     </span>
    </p>
   </div>
   <div class='ocr_carea' id='block_1_4' title="bbox 0 0 1239 3848">
    <p class='ocr_par' dir='ltr' id='par_1_7' title="bbox 0 0 1239 3848">
     <span class='ocr_line' id='line_1_33' title="bbox 0 0 1239 3848; baseline 0 0"><span class='ocrx_word' id='word_1_257' title='bbox 0 0 1239 3848; x_wconf 95' lang='lat' dir='ltr'><strong><em> </em></strong></span> 
     </span>
    </p>
   </div>
  </div>
 </body>
</html>
