2460 3848
119 145 163 210 34
487 147 760 201 ΔΡΧΑΙΟΛΟΓΙΔΣ

118 315 175 387 λος
199 308 360 395 ἐξεβοήθη
384 318 441 393 της
463 309 620 392 γυναικὸς
642 307 759 373 αὐτοῦ·
788 305 919 373 διὸκαὶ
944 307 1136 392 Φαραώθης

119 416 137 482 ὁ
160 419 317 501 βασιλεὺς
338 427 405 481 τῶν
428 417 642 498 Αἰγυπτίων,
665 414 706 479 οὐ
729 412 896 498 τοῖςπερὶ
919 413 1020 496 αὐτῆς
1043 418 1136 495 λεγο-

118 519 231 605 μένοις
253 518 429 606 ἀρκεσθεὶς
451 520 534 585 άλλά
553 516 608 585 καὶ
625 520 817 586 θεάσασθαι
841 519 1043 602 σπουδάσας,
1066 511 1137 597 οἷός

118 623 146 692 τ’
182 622 226 710 ήν
257 628 408 705 ἅψασθαι
437 635 495 710 της
526 626 671 712 Σάρρας.
717 626 827 709 <164>
857 624 1022 709 ἐμποδίζει
1053 621 1084 690 δ’
1118 625 1136 692 δ

117 733 198 808 θεὸς
219 733 281 817 τήν
304 726 421 798 άδικον
444 732 548 798 αὐτοῦ
572 731 753 815 ε’πνθυμίαν
776 734 866 820 νόσφ
888 754 923 796 τε
946 729 1001 795 καὶ
1025 731 1137 797 στάσει
1164 747 1178 788 ⁶

118 848 185 904 τῶν
211 839 423 924 πραγμάτων.
468 835 524 902 καὶ
550 837 707 927 θυομένῳ
735 835 811 922 περὶ
839 836 1028 920 ἀπαλλαγῆς
1054 839 1137 902 κατά

119 952 219 1029 μῆνιν
246 951 331 1010 θεοῦ
358 946 395 1010 τὸ
425 946 537 1010 δεινὸν
565 944 654 1030 αὐτῷ
677 953 832 1028 παρεῖναι
854 942 1079 1028 ἀπεσήμαινον
1103 944 1140 1008 οί

120 1051 235 1137 ίερεῑς,
263 1047 315 1135 ἐφ’
342 1041 393 1127 οἷς
421 1048 587 1134 η’θέλησεν
618 1049 754 1134 ὑβρίσαι
780 1048 841 1115 τοῦ
869 1047 966 1126 ξένου
994 1049 1054 1132 τήν
1078 1071 1136 1131 μυ-

118 1167 225 1223 ναίκα.
271 1157 378 1239 <165>
403 1156 420 1221 δ
444 1152 482 1221 δέ
509 1153 674 1240 φοβηθεὶς
700 1156 810 1242 ἠρώτα
838 1157 899 1239 τήν
923 1155 1061 1240 Σάρραν
1089 1157 1138 1230 τίς

118 1259 149 1327 τ’
181 1269 232 1347 είη
265 1260 321 1327 καὶ
352 1266 427 1328 τίνα
454 1272 574 1328 τοῦτον
603 1260 770 1345 ἐπάγοιτο·
800 1263 992 1344 πυθόμενος
1016 1255 1054 1324 δδ
1076 1260 1137 1342 τήν
1150 1277 1177 1316 10

119 1366 294 1452 ἀλήθειαν,
316 1370 376 1434 τὸν
391 1366 561 1453 ’Ἅβραμον
579 1356 768 1453 παρῃτεῖτο·
791 1369 936 1449 νομίζων
954 1367 1017 1450 γάρ
1041 1363 1137 1431 ἀδελ-

118 1475 188 1558 φήν
215 1471 288 1539 ἀλλ’
319 1476 360 1541 οὐ
392 1472 522 1558 γυναῖκ’
550 1474 671 1557 αὐτοῦ,
703 1473 892 1539 σπουδάσαι
918 1469 994 1556 περὶ
1022 1471 1137 1556 αὐτήν,

119 1577 315 1664 συγγένειαν
346 1580 450 1648 αὐτοῦ
480 1583 685 1664 ποιήσασθαι
713 1582 935 1664 βουλόμενος,
966 1574 1039 1643 ἀλλ’
1074 1577 1136 1662 οὐχ

118 1687 254 1774 ὑβρίσαι
281 1685 352 1754 κατ’
380 1687 561 1773 ἐπνθυμίαν
590 1684 792 1773 ὡρμημένος.
840 1687 997 1769 δωρεῖταί
1020 1681 1051 1749 τ’
1078 1684 1138 1749 αὐ-

118 1797 177 1859 τὸν
190 1799 326 1871 πολλοῖς
344 1798 499 1880 χρήμασι,
521 1793 576 1858 καὶ
594 1802 701 1876 συνῆν
718 1795 913 1879 Αίγυπτίων
931 1801 1000 1866 τοῖς
1019 1795 1176 1872 leym-1⁶

118 1900 239 1975 τάτοις·
268 1900 328 1980 τήν
357 1895 385 1962 τ’
412 1897 532 1981 ἀρετήν
565 1896 733 1984 αὐτῷκαὶ
760 1899 822 1980 τὴν
851 1893 901 1962 ἐπ’
929 1895 1011 1981 αὐτή
1035 1894 1137 1974 δόξαν

83 2023 99 2072 2
119 2002 278 2069 ἐντεῦθεν
301 2001 560 2088 ἐπιφανεστέραν
579 2001 702 2087 συνέβη
723 2001 890 2086 γενέσθαι.
937 2002 1047 2085 <166>
1070 2013 1137 2067 τῶν

119 2110 181 2194 γάρ
209 2110 403 2192 Αίγυπτίων
431 2111 606 2194 διαφόροις
632 2107 863 2195 ἀρεσκομένων
892 2112 986 2174 έθεσι
1014 2107 1068 2174 καὶ
1086 2111 1137 2174 τά

118 2212 195 2300 παρ’
227 2214 381 2299 ἀλλήλοις
409 2215 675 2301 ἐκφαυλιζόντων
704 2219 847 2301 νόμιμα,
877 2213 932 2280 καὶ
961 2217 1016 2281 διὰ
1039 2224 1136 2280 τοῦτο

119 2323 291 2405 δυσμενῶς
319 2321 462 2406 ἑχόντων
489 2325 572 2406 πρὸς
594 2322 776 2405 ἀλλήλους,
801 2322 1003 2404 συμβάλλων
1027 2321 1137 2391 αὐτῶν
1151 2336 1177 2375 2⁰

120 2423 267 2503 ἑκάστοις
294 2425 350 2491 καὶ
377 2428 592 2492 διαπτύσσων
619 2430 697 2503 τοὺς
724 2429 845 2508 λόγους
872 2424 932 2498 οὓς
961 2423 1136 2493 ἐποιοῦντο

118 2530 194 2616 περὶ
225 2544 293 2598 τῶν
326 2534 442 2616 ἰδίων,
473 2535 592 2608 κενοὺς
623 2530 678 2596 καὶ
710 2526 815 2615 μηδὲν
848 2532 982 2616 ἔχοντας
1013 2528 1138 2612 ἀληθὲς

119 2637 290 2722 ἀπέφαινε.
336 2639 446 2722 <167>
468 2636 679 2723 θαυμασθεὶς
700 2630 764 2703 οὖν
787 2634 843 2702 ὑπ’
871 2635 983 2701 αὐτῶν
1007 2635 1043 2701 ἐν
1066 2650 1137 2714 ταῖς

120 2748 313 2822 συνουσίαις
342 2746 387 2823 ὡς
416 2745 640 2822 συνετώτατος
667 2742 722 2809 καὶ
753 2746 862 2820 δεινὸς
884 2742 968 2828 ἀνήρ
994 2744 1035 2809 οὐ
1058 2753 1136 2827 νοή-

119 2868 175 2916 σαι
199 2854 304 2936 μόνον
336 2850 419 2916 ἀλλὰ
456 2849 511 2916 καὶ
542 2863 653 2917 πεῖσαι
685 2848 792 2933 λέγων
824 2848 901 2936 περὶ
935 2845 982 2914 ὧν
1015 2849 1134 2934 ἐπιχει-
1148 2865 1174 2905 2⁵

85 3019 92 3025 .
119 2961 229 3042 ρήσειε
254 2958 435 3042 διδάσκειν,
457 2961 518 3042 τήν
540 2956 569 3023 τ’
592 2956 814 3043 ἀριθμητικήν
837 2956 950 3032 αὐτοῖς
972 2960 1135 3042 χαρίζεται

118 3062 231 3128 καὶτὰ
250 3063 325 3149 περὶ
346 3063 569 3151 ἀστρονομίαν
591 3065 810 3150 παραδίδωσι.
856 3063 965 3146 <168>
985 3065 1049 3146 πρὸ
1072 3063 1135 3147 γάρ

118 3177 176 3252 της
195 3167 361 3254 Ἀβράμου
385 3172 566 3255 παρουσίας
589 3169 766 3252 Αἰγύπτιοι
789 3170 916 3234 τούτων
941 3162 1031 3252 εἶχον
1054 3167 1135 3251 άμα-

117 3280 201 3351 θῶς·
221 3274 257 3339 ἐκ
272 3276 450 3340 Χαλδαίων
464 3276 528 3360 γάρ
542 3272 633 3341 ταῦτ’
656 3271 871 3359 ἐπεφοίτησεν
892 3275 938 3349 είς
952 3280 1135 3356 Αἴγυπτον,

118 3380 201 3446 ὅθεν
224 3375 309 3464 ήλθε
331 3378 387 3446 καὶ
410 3382 457 3458 είς
478 3383 557 3458 τοὺς
570 3379 744 3465 Ἕλληνας.
1147 3392 1174 3433 ³0

191 3500 409 3572 ςιοοιοιιι.
430 3501 481 3555 x11
502 3508 543 3556 ιι.
