2460 3848
69 156 133 221 152
437 159 710 211 ΑΡΧΔΙΟΑΟΓΙΔΣ

70 315 183 402 μένοις
204 328 334 403 κοῦφον
358 316 466 384 ἐδόκει
489 320 526 384 τὸ
545 323 729 403 λείπεσθαι,
751 319 833 383 κατὰ
856 318 1093 405 δικαιοσύνην,

69 425 111 491 ού
129 426 211 490 κατὰ
224 423 418 502 πλεονεξίαν
437 423 518 490 αὐτὸ
537 424 675 510 πάσχειν
694 422 913 512 νομίζουσιν),
930 428 1008 490 τότε
1029 423 1091 511 μέν

68 532 209 617 ἡσυχίαν
241 525 321 613 ήγε,
358 531 401 613 μή
433 532 637 615 βουλόμενος
668 528 856 613 ἐμποδίζειν
884 540 955 608 τοῖς
987 529 1092 617 ἀρετή

68 643 214 723 χρῆσθαι
236 645 296 701 τοῦ
320 646 504 720 στρατηγοῦ
526 634 705 725 θέλουσιν,
727 632 940 720 παυσαμένου
966 633 1005 701 δὲ
1031 646 1091 702 τοῦ

68 743 222 826 θορύβου
249 742 452 826 παραλαβὼν
478 738 533 806 καὶ
562 737 796 826 συμμονωθεὶς
822 740 1045 808 ἀνεδίδασκεν
1069 742 1116 808 δε

69 848 131 934 χρή
159 857 288 930 ποιεῖν,
320 847 407 930 <68>
431 843 485 912 καὶ
514 849 735 932 συνεβούλευε
762 855 820 930 τῆς
846 843 908 930 μὲν
935 844 991 912 ἐπὶ
1021 860 1091 924 τοῖς

70 953 184 1036 ήττοσι
203 957 425 1038 ταλαιπωρίας
444 950 566 1038 ἑτέροις
584 952 749 1037 ἐκστῆναι,
771 950 848 1037 περὶ
866 949 904 1017 δέ
926 965 996 1020 τῶν
1018 979 1091 1039 μει-

70 1062 176 1138 ζόνων
198 1056 254 1123 καὶ
276 1067 333 1142 τῆς
363 1063 524 1145 σωτηρίας
551 1069 610 1126 τοῦ
637 1061 790 1142 πλήθους
812 1061 900 1145 ἔχειν
922 1061 986 1143 τήν
1007 1064 1092 1147 πρό-

69 1189 168 1232 νοιαν
197 1165 316 1231 αὐτόν·
349 1164 482 1229 δικάσαι
514 1160 575 1248 μὲν
602 1165 665 1250 γάρ
693 1164 844 1247 ἀγαθοὺς
871 1164 934 1231 κάν
965 1168 1092 1244 ἀλλους

65 1269 230 1357 Ἑβραίων
252 1270 444 1356 εὑρεθῆναι,
466 1274 643 1356 φροντίσαι
662 1267 700 1336 δὲ
722 1273 890 1337 τοσούτων
913 1274 1091 1358 μυριάδων
1104 1293 1127 1332 1⁰

71 1380 234 1462 σωτηρίας
256 1376 318 1443 ούκ
336 1377 440 1442 ἀλλον
459 1378 533 1441 τινά
556 1378 725 1443 δύνασθαι
748 1379 792 1462 μή
815 1380 969 1461 Μωυσῆν
994 1383 1091 1462 γενό-

71 1507 183 1569 μενον.
236 1483 322 1566 <69>
357 1482 618 1567 αἰσθανόμενος
649 1477 712 1548 οὖν
748 1491 805 1565 τής
841 1482 972 1568 ἀρετής’
1007 1489 1095 1570 φησί

71 1590 225 1673 “σαυτοῦ,
248 1587 304 1655 καὶ
328 1580 398 1667 οἷος
420 1586 560 1674 γέγονας
579 1586 632 1654 ἐπὶ
650 1597 695 1677 τῷ
720 1591 779 1655 τὸν
802 1591 884 1656 λαὸν
906 1590 1091 1675 ὑπουργῶν

69 1705 115 1784 τῷ
140 1703 209 1784 θεῷ
230 1697 356 1780 σώζειν,
379 1697 440 1779 τήν
458 1692 519 1781 μὲν
536 1706 604 1760 τῶν
628 1694 841 1779 ἐγκλημάτων
864 1697 996 1761 δίαιταν
1021 1696 1091 1762 ἐπί-

70 1813 194 1887 τρεψον
222 1801 335 1878 αὐτοῖς
361 1808 530 1867 ποιεῖσθαι
557 1799 613 1866 καὶ
641 1799 690 1866 ἐπ’
719 1803 848 1885 ἀλλων,
879 1803 920 1866 σὺ
945 1797 983 1866 δὲ
1007 1807 1092 1890 πρὸς
1105 1819 1128 1860 1⁶

71 1910 157 1992 μόνη
176 1915 215 1991 τῇ
233 1915 293 1972 τού
312 1913 396 1973 θεοῦ
415 1911 577 1995 θεραπείᾳ
599 1905 745 1993 κατέχων
770 1909 910 1973 σεαυτὸν
933 1907 1091 1994 διατέλει,

72 2016 176 2098 ζητῶν
195 2003 246 2089 οἷς
267 2012 309 2078 ἀν
328 2015 365 2078 τὸ
384 2018 513 2096 πλῆθος
535 2012 751 2091 ἀπαλλάξειας
773 2022 831 2096 τής
854 2023 917 2078 νῦν
939 2013 1091 2102 ἀπορίας.

72 2120 160 2204 <70>
182 2119 370 2204 ὑποθήκαις
398 2118 436 2186 δὲ
462 2131 533 2197 ταῖς
560 2120 651 2204 ἐμαῖς
673 2117 748 2205 περὶ
771 2129 838 2184 τῶν
861 2116 1092 2205 ἀνθρωπίνων

70 2227 277 2313 χρησάμενος
304 2229 363 2292 τὸν
392 2230 532 2313 στρατὸν
555 2225 716 2305 ἐξετάσεις
738 2223 898 2310 ἀκριβῶς,
927 2223 1092 2293 καὶκατὰ

71 2339 212 2420 μυρίους
235 2334 362 2398 τούτων
385 2329 599 2418 κεκριμένους
617 2334 778 2418 ἀρχοντας
800 2328 994 2414 ἀποδείξεις,
1020 2329 1092 2399 εἶτα
1106 2350 1130 2390 2⁰

71 2440 153 2504 κατά
185 2442 321 2523 χιλίους.
368 2437 454 2518 <71>
486 2439 667 2522 διαιρήσεις
705 2433 742 2502 δὲ
779 2433 847 2520 μετ’
884 2436 1006 2513 αὐτοὺς
1044 2442 1093 2516 είς

71 2547 330 2624 πεντακοσίους,
361 2539 416 2605 καὶ
443 2541 544 2605 πάλιν
571 2542 618 2616 είς
645 2539 779 2626 ἑκατόν,
809 2538 867 2607 εἶτ’
894 2543 941 2617 είς
970 2548 1092 2628 πεντή-

72 2671 190 2731 κοντα,
217 2646 379 2732 άρχοντάς
400 2642 428 2709 τ’
457 2642 510 2710 ἐπὶ
533 2646 661 2722 τούτοις
683 2645 808 2730 τάξεις,
839 2650 873 2712 οἳ
893 2649 975 2712 κατὰ
998 2652 1092 2735 τριά-

71 2775 174 2820 κοντα
197 2747 413 2836 μερισθέντας
436 2752 708 2836 διακοσμήσουσι,
730 2752 786 2818 καὶ
808 2750 878 2818 κατ’
905 2759 1009 2820 είκοσι
1033 2755 1092 2822 καὶ

71 2860 154 2926 κατὰ
182 2855 261 2923 δέκα
289 2855 632 2941 συναριθμουμένους.
678 2861 760 2924 έστω
789 2857 830 2924 δέ
854 2884 902 2936 τις
929 2857 982 2924 ἐπὶ
1011 2864 1091 2928 τού-
1106 2879 1132 2919 2⁵

72 2990 142 3043 τοις
175 2955 242 3046 εἷς,
273 2964 334 3046 τήν
365 2967 592 3049 προσηγορίαν
620 2962 683 3029 ἀπὸ
711 2974 771 3030 τοῦ
799 2976 865 3030 τῶν
895 2963 1091 3051 ἀρχομένων

73 3072 221 3159 ἀριθμοῦ
249 3068 436 3154 λαμβάνων.
490 3069 577 3152 <72>
606 3073 640 3135 οἳ
668 3066 705 3134 δὲ
737 3068 994 3155 δοκιμασθέντες
1023 3072 1091 3140 ὑπὸ

72 3188 133 3244 τοῦ
156 3179 308 3260 πλήθους
329 3177 451 3251 παντὸς
478 3170 564 3241 εἶναι
588 3173 709 3258 ἀγαθοὶ
732 3174 786 3240 καὶ
810 3179 932 3243 δίκαιοι
955 3181 1035 3263 περί
1055 3204 1091 3246 τε

72 3296 140 3350 τῶν
163 3285 336 3368 διαφόρων
365 3281 476 3357 αὐτοῖς
497 3290 665 3365 κρινοῦσι,
692 3281 755 3346 κάν
778 3275 799 3367 ᾖ
821 3307 853 3347 τι
877 3286 1005 3368 μεῖζον,
1035 3284 1092 3351 ἐπὶ

72 3393 151 3466 τοὺς
174 3388 211 3454 ἐν
235 3386 391 3472 ἀξιώματι
418 3387 479 3469 τήν
508 3383 584 3468 περὶ
607 3387 727 3453 τούτου
750 3389 932 3471 διάγνωσιν
956 3388 1091 3457 έπανοί-
1105 3409 1133 3451 εο

132 3517 153 3580 §
171 3517 209 3568 67
222 3537 257 3558 =
270 3508 360 3567 Exod.
380 3507 474 3566 XVIII
493 3513 536 3565 17.

454 3752 588 3786 Α
