2460 3848
72 159 137 227 198
441 162 714 214 εεΧΔιοΛονιεΣ

69 322 305 410 πληξαμένοις,
333 321 416 387 ἀλλὰ
442 333 512 399 τοϊς
539 320 592 388 ἐπὶ
622 324 683 406 τήν
706 322 923 405 εὐδαιμονίαν
946 320 1007 387 καὶ
1030 324 1092 408 τήν

69 440 187 515 κτῆσιν
209 430 330 505 αὐτοὺς
356 439 424 493 τῶν
452 426 591 511 ἀγαθῶν
614 439 844 514 παρορμῶσιν·
873 429 987 512 <309>
1014 430 1091 496 οὔτε

70 538 134 624 γὰρ
151 548 218 603 τῶν
237 536 326 622 ὀρῶν
346 535 383 600 τὸ
401 533 542 618 μέγεθος
560 535 636 601 οὔτε
656 546 723 601 τῶν
740 545 896 619 ποταμῶν
919 538 956 601 τὸ
982 537 1093 619 βάθος

68 654 139 719 τοῖς
156 641 276 728 ἀρετήν
293 640 474 725 ἠσκηκόσιν
494 640 647 725 ἐμποδῶν
667 645 848 726 στήσεσθαι
866 643 949 726 πρὸς
973 636 1092 729 τᾶργα,

68 745 124 812 καὶ
156 756 345 833 ταῦταποῦ
376 754 461 813 θεοῦ
489 746 840 832 συμπροθυμουμένου
863 745 918 812 καὶ
941 747 1114 835 ὑπερμαι

68 860 208 939 χοῦντος
230 851 349 918 αὑτῶν.
396 852 515 938 (ἴωμεν
537 847 616 919 οὖν’
640 856 768 938 ἔφασαν
797 851 866 918 (ἐπὶ
889 856 968 931 τοὺς
993 861 1091 922 πολε-

69 962 176 1043 μίους,
200 954 305 1043 μηδὲν
329 962 458 1045 ἔχοντες
477 957 523 1024 δι’
546 959 701 1043 ὑποψίας,
725 960 864 1045 ἡγεμόνι
886 981 921 1024 τε
946 969 993 1047 τῷ
1019 968 1090 1050 θεῷ

68 1068 317 1143 πεπιστευκότες
330 1063 386 1131 καὶ
401 1065 582 1150 ὁδηγοῦσιν
600 1066 680 1150 ἡμῖν
699 1063 879 1150 έπόμενοι.’
907 1064 1021 1150 <310>
1037 1066 1092 1133 καὶ

69 1174 105 1237 οδ
121 1167 182 1256 μὲν
200 1181 302 1238 ταῦτα
320 1170 472 1255 λέγοντες
486 1171 677 1258 ἐπεχείρουν
696 1173 758 1256 τήν
777 1171 882 1257 ὀργῆν
899 1174 1092 1260 καταπραΰ-

70 1302 142 1345 νειν
164 1288 225 1344 τοῦ
247 1283 414 1364 πλήθους,
441 1282 591 1363 Μωυσῆς
618 1274 655 1344 δέ
681 1276 737 1343 καὶ
758 1274 902 1360 Ἀαρών,
928 1281 1090 1357 πεσόντες
1104 1293 1126 1332 1⁰

69 1383 124 1452 ἐπὶ
146 1387 207 1470 τήν
230 1394 305 1470 γῆν,
327 1388 386 1452 τὸν
408 1387 492 1451 θεὸν
516 1383 662 1450 ἱκέτευον
686 1383 747 1469 οὐχ
771 1380 854 1468 ὑπὲρ
877 1391 934 1466 τῆς
959 1381 1091 1451 ἑαυτῶν

69 1495 250 1579 σωτηρίας,
283 1488 355 1556 ἀλλ’
383 1491 471 1568 ὅπως
497 1499 554 1575 τῆς
581 1488 726 1574 ἀμαθίας
753 1490 863 1575 παύση
892 1491 929 1554 τὸ
955 1496 1092 1575 πλῆθος

68 1596 124 1664 καὶ
142 1600 327 1684 καταστήση
346 1598 407 1681 τῆν
427 1597 580 1662 διάνοιαν
599 1596 720 1680 αὑτῶν,
742 1595 808 1661 ὑπὸ
827 1603 884 1678 τῆς
902 1593 1092 1681 ἀμηχανίας

69 1714 130 1771 τοῦ
151 1705 378 1793 παραστάντος
397 1703 510 1780 αὑτοῖς
532 1703 663 1779 πάθους
685 1699 939 1787 τεταραγμένην.
976 1713 1091 1789 παρῆν

70 1808 101 1876 δ’
123 1812 144 1896 ῆ
162 1810 284 1897 νεφέλη
307 1808 363 1875 καὶ
382 1818 484 1874 στᾶσα
502 1803 585 1894 ὑπὲρ
609 1810 669 1892 τήν
693 1809 819 1893 σκηνήν
843 1807 1000 1892 ἐσήμαινε
1026 1812 1089 1895 τήν
1104 1822 1127 1863 1⁵

36 1914 265 2001 ὑέπιφάνειαν
295 1926 356 1981 τοῦ
386 1922 480 1981 θεοῦ.
528 1915 636 1998 <311>
663 1918 813 1999 Μωυσῆς
845 1910 883 1979 δὲ
913 1919 1092 2000 θαρρήσας

69 2023 223 2111 πάρεισιν
237 2024 285 2100 είς
298 2024 335 2088 τὸ
350 2027 491 2106 πλῆθος,
513 2018 568 2087 καὶ
586 2023 645 2087 τὸν
659 2022 743 2086 θεὸν
763 2019 885 2104 ἐδήλου
903 2020 1090 2105 κινηθέντα

69 2129 135 2196 ὑπὸ
159 2139 216 2214 τῆς
237 2129 366 2214 ὑβρεως
389 2129 499 2194 αὐτῶν
518 2130 683 2211 λήψεσθαι
707 2131 880 2212 τιμωρίαν,
904 2127 965 2192 οὐκ
989 2126 1089 2205 ἀξίαν

71 2230 132 2320 μέν
155 2246 223 2301 τῶν
246 2233 536 2321 έξημαρτημένων,
559 2236 634 2301 οἵαν
658 2231 688 2299 δ’
716 2235 752 2300 ολ
770 2232 907 2318 πατέρες
930 2230 983 2297 έπδ
1006 2258 1089 2300 νου-

69 2345 171 2429 θεσίᾳ
187 2352 256 2418 τοῦς
275 2341 401 2418 τέκνοις
420 2339 623 2427 ἐπιφέρουσι.
670 2340 778 2424 <312>
796 2342 999 2424 παρελθόντι
1022 2342 1089 2425 γὰρ
1103 2354 1128 2393 2⁰

71 2449 118 2524 είς
140 2448 202 2531 τῆν
225 2448 351 2530 σκηνήν
374 2447 462 2534 αὐτῷ
486 2445 639 2531 καὶπερὶ
661 2455 718 2529 τῆς
740 2447 923 2530 μελλούσης
945 2441 1001 2508 ὑπ’
1029 2447 1090 2512 αῦ-

70 2562 138 2618 τῶν
161 2551 323 2629 ἀπωλείας
346 2549 596 2640 ἀποκλαιομένῳ
624 2553 684 2617 τὸν
706 2555 789 2617 θεὸν
813 2551 1001 2636 ὑπομνῆσαι
1024 2549 1089 2635 μὲν

71 2657 135 2722 ὅσα
156 2662 322 2736 παθόντες
345 2657 377 2736 ἐξ
401 2658 504 2724 αὐτοῦ
526 2656 582 2723 καὶ
600 2661 748 2741 πηλίκων
767 2658 965 2742 εὐεργεσιῶν
989 2680 1087 2740 μετα-

71 2767 232 2850 λαβόντες
259 2763 429 2850 ἀχάριστοι
455 2767 538 2850 πρὸς
566 2764 667 2830 αὐτὸν
696 2762 863 2849 γένοιντο,
891 2763 941 2828 ὅτι
964 2785 998 2828 τε
1021 2774 1089 2831 νῦν

73 2879 113 2956 τῆ
141 2881 207 2937 τῶν
235 2874 451 2937 κατασκόπων
478 2868 681 2956 ὑπαχθέντες
709 2872 815 2957 δειλίᾳ
845 2873 922 2946 τοὺς
950 2868 1089 2936 ἐκείνων
1103 2885 1129 2925 2⁵

73 2979 195 3060 λόγους
225 2975 468 3061 ἀληθεστέρους
499 2984 555 3060 τῆς
584 2974 791 3062 ὑποσχέσεως
822 2976 1000 3060 ἡγήσαιντο
1030 2985 1090 3060 τῆς

75 3083 192 3150 αὑτοῦ·
229 3083 336 3166 <313>
359 3081 415 3148 καὶ
431 3072 494 3148 ’διά
521 3083 642 3166 ταύτην
672 3084 732 3166 τήν
756 3084 864 3147 αἰτίαν
887 3083 949 3148 οὐκ
972 3081 1092 3147 ἀπολεῖ

74 3184 136 3271 μέν
159 3191 302 3266 ἅπαντας
325 3185 398 3255 οὐδ’
426 3187 614 3274 ἐξαφανίσει
637 3191 674 3254 τὸ
697 3186 793 3272 γένος
815 3188 942 3271 αὐτῶν,
965 3187 983 3254 δ
1006 3188 1090 3253 πάν-

75 3315 143 3359 των
161 3302 288 3378 μᾶλλον
306 3294 497 3381 ἀνθρώπων
517 3298 589 3379 ἔσχε
604 3295 660 3359 διά
680 3303 786 3378 τιμῆς·
810 3296 871 3378 τήν
894 3292 1006 3379 μέντοι
1022 3298 1089 3358 Χα-

71 3402 217 3466 ναναίαν
241 3401 282 3467 οὐ
300 3400 454 3489 παρέξειν
474 3409 536 3484 γῆν
559 3401 671 3476 αὐτοῖς
693 3403 819 3484 λαβεῖν,
843 3396 923 3465 οὐδὲ
945 3401 1006 3485 τῆν
1030 3397 1084 3465 ἀπ’
1103 3415 1129 3456 ³0

125 3527 222 3588 §309
236 3553 274 3575 -
288 3525 376 3587 Num.
395 3523 462 3584 XIV
481 3530 508 3584 8.
