2460 3848
94 157 162 222 204
467 156 741 210 ΑΡΧΑΙΟΛΟΓΙΑΣ

94 317 202 403 λέγων
225 324 379 404 Μωυσῆν
409 317 511 397 δόξαν
533 318 622 406 αὑτῷ
650 319 850 403 θηρώμενον
871 316 1114 383 κατασκευάσαι

95 425 151 492 καὶ
170 436 420 513 κακουργοῦντα
437 427 624 509 κτήσασθαι
642 423 766 509 ταύτην
789 422 842 490 ἐπὶ
863 424 1028 510 προφάσει
1051 433 1113 489 τοῦ

96 540 182 601 θεοῦ
208 541 388 618 περιορᾶν,
419 531 508 617 παρά
535 533 612 608 τοὺς
638 534 763 616 νόμους
790 527 851 615 μέν
874 530 1027 618 τάδελφῷ
1051 531 1115 613 τήν

99 639 286 727 ἱερωσύνην
306 634 448 722 Ἀαρῶνι
474 638 592 721 δόντα,
620 639 664 722 μή
694 646 739 724 τῷ
763 646 864 725 κοινβ
890 638 1030 722 δόγματι
1052 645 1114 701 τοῦ

97 747 250 829 πλήθους
269 738 340 808 ἀλλ’
363 742 467 809 αὐτοῦ
484 740 729 828 ψηφισαμένου,
752 744 919 829 τυράννου
944 738 981 808 δὲ
999 745 1139 832 τρόπφο

97 853 396 937 καταχαριζόμενον
414 851 471 926 τάς
488 850 583 934 τιμάς
602 841 651 927 οἷς
669 849 711 915 άν
729 853 867 935 θελήσῃ.
913 850 1001 933 <16>
1019 853 1115 936 χαλε-

98 959 248 1043 πώτερον
280 952 318 1020 δὲ
348 956 525 1041 τυγχάνειν
557 966 618 1023 τοῦ
649 955 822 1039 βιάζεσθαι
854 957 891 1021 τὸ
924 959 1116 1039 λεληθότως

99 1062 291 1151 ἐξυβρίζειν,
315 1062 366 1127 ὅτι
384 1064 429 1147 μή
448 1065 554 1146 μόνον
573 1063 714 1138 άκοντας
731 1060 815 1126 άλλά
834 1058 918 1145 μηδὲ
942 1059 1117 1139 συνιέντας

98 1179 156 1253 τῆς
178 1168 357 1255 ἐπιβουλῆς
378 1169 440 1252 τήν
464 1169 562 1253 ίσχὺυ
583 1168 780 1253 ἀφαιρεῖται.
827 1169 913 1251 <17>
938 1166 1028 1246 ὅστις
1050 1171 1115 1253 γάρ

100 1276 188 1364 αὑτῷ
222 1276 379 1341 σύνοιδεν
412 1276 485 1340 όντι
517 1278 632 1358 λαβεῖν
665 1273 765 1363 ἀξίω,
793 1277 905 1340 πείθει
937 1275 1116 1360 τυγχάνειν
1131 1292 1156 1331 1⁰

100 1382 218 1466 αὐτόν,
240 1379 296 1447 καὶ
318 1390 420 1447 ταῦτα
443 1381 625 1464 βιάσασθαι
648 1382 692 1465 μή
715 1384 981 1465 θρασυνόμενος·
1005 1373 1056 1458 οἷς
1079 1379 1111 1447 δ’

99 1491 227 1574 ἄπορον
254 1486 291 1552 ἐκ
318 1496 379 1553 τοῦ
407 1487 539 1553 δικαίου
565 1494 741 1572 τιμᾶσθαι,
774 1490 852 1570 βίαν
878 1486 958 1571 μέν,
989 1486 1116 1570 ἀγαθοί

100 1598 300 1679 βουλόμενοι
333 1596 465 1678 δοκεῖν,
496 1593 537 1659 ού
564 1591 810 1679 προσφέρουσι,
842 1592 939 1680 τέχνη
970 1591 1000 1659 δ’
1028 1590 1117 1659 εἶναι

99 1710 325 1789 κακουργοῦσι
349 1702 495 1766 δυνατοί.
540 1700 627 1782 <18>
652 1698 833 1786 συμφέρειν
861 1697 899 1765 δὲ
921 1709 966 1788 τῷ
989 1704 1117 1785 πλήθει

100 1810 178 1883 τοὺς
200 1806 372 1882 τοιούτους
394 1807 442 1870 ἐτι
464 1805 649 1870 λανθάνειν
672 1804 846 1890 οἰομένους
867 1807 1036 1891 κολάζειν,
1060 1805 1117 1872 καὶ
1132 1822 1157 1862 1⁵

100 1913 144 1996 μή
173 1915 355 1996 παρελθεῖν
385 1912 432 1988 είς
464 1912 610 1995 δύναμιν
643 1910 802 1989 ἐάσαντας
833 1915 1000 1997 φανεροὺς
1027 1916 1117 1999 ἔχειν

99 2019 286 2101 πολεμίους.
324 2016 414 2082 ’τίνα
436 2017 499 2105 γάρ
522 2015 577 2082 καὶ
596 2021 698 2101 λόγον
721 2017 906 2085 ἀποδοῦναι
930 2019 1119 2103 δυνάμενος

99 2127 249 2208 Μωυσῆς
268 2120 410 2209 Ἀαρῶνι
427 2123 482 2189 καί
500 2135 569 2202 τοῖς
585 2122 695 2190 υίέσιν
717 2125 821 2190 αὐτοῦ
843 2127 904 2209 τήν
929 2126 1117 2211 ἱερωσύνην

100 2228 311 2318 παρέδωκενς
331 2231 418 2314 <19>
437 2232 469 2296 εί
486 2227 547 2315 μέν
565 2231 629 2317 γάρ
652 2240 710 2315 τῆς
727 2233 902 2308 Λευίτιδος
924 2236 1032 2316 φυλῆς
1055 2235 1118 2315 τήν

101 2340 199 2422 τιμήν
223 2338 240 2405 ὁ
262 2340 344 2413 θεός
366 2360 433 2403 τινι
455 2349 636 2423 παρασχεῖν
660 2340 806 2423 ἔκρινεν,
835 2337 899 2420 ἐγὼ
922 2339 1043 2421 ταύτης
1067 2340 1116 2403 δι-
1132 2353 1158 2394 2⁰

101 2447 270 2527 καιότερος
296 2444 488 2528 τυγχάνειν,
515 2442 605 2526 γένει
632 2440 693 2526 μέν
721 2444 738 2511 ὁ
766 2443 866 2520 αὐτὸς
893 2444 941 2508 ὢν
963 2447 1118 2528 Μωυσεῖ,

101 2550 233 2635 πλούτῳ
257 2543 294 2613 δέ
312 2546 367 2614 καὶ
385 2549 497 2636 ἡλικίᾳ
519 2550 697 2634 διαφέρων.
734 2551 765 2614 εί
787 2546 824 2615 δέ
846 2558 885 2636 τῆ
908 2551 1117 2636 πρεσβυτάτη

102 2663 168 2717 τῶν
195 2656 330 2737 φυλῶν,
357 2656 491 2730 εἰκότως
517 2653 559 2719 άν
582 2654 602 2737 ή
622 2651 802 2740 Ῥουβήλου
829 2659 890 2741 τήν
913 2658 1012 2741 τιμήν
1035 2658 1118 2742 έχοι,

103 2762 341 2843 λαμβανόντων
359 2759 465 2844 αὐτήν
482 2760 671 2844 Δαθάμνου
694 2760 749 2826 καί
769 2759 948 2849 Ἀβιράμου
971 2761 1027 2828 καὶ
1047 2766 1117 2827 Φα-

103 2870 216 2943 λαοῦς·
238 2866 459 2951 πρεσβύτατοι
481 2867 544 2952 γάρ
569 2861 660 2932 οὗτοι
686 2878 753 2933 τῶν
776 2868 898 2952 ταύτην
921 2870 982 2953 τήν
1005 2871 1117 2954 φυλήν
1132 2880 1158 2921 2⁵

103 2970 295 3057 νεμομένων
318 2968 373 3036 καὶ
396 2970 534 3039 δυνατοὶ
555 2973 732 3058 χρημάτων
755 2973 955 3062 περιουσίᾳ.’

68 3095 84 3143 3
170 3079 255 3162 <20>
278 3076 434 3161 ἐβούλετο
456 3074 518 3162 μέν
541 3073 603 3145 οὖν
626 3089 727 3145 ταῦτα
750 3078 858 3163 λέγων
881 3079 899 3146 ό
923 3084 1035 3168 Κορῆς
1057 3092 1118 3148 τοῦ

104 3192 221 3249 κοινοῦ
242 3191 462 3271 προνοεῖσθαι
481 3187 604 3269 δοκεῖν,
628 3187 713 3275 ἔργω
738 3183 768 3251 δ’
786 3188 833 3263 είς
856 3184 974 3254 ἑαυτὸν
998 3187 1118 3274 ἐπραγ-

103 3290 261 3373 ματεύετο
289 3291 350 3374 τήν
380 3291 469 3376 παρά
501 3300 561 3357 τοῦ
593 3294 746 3375 πλήθους
774 3293 873 3375 τιμήν
909 3302 1117 3378 μεταστῆσαι.

100 3393 158 3461 καί
182 3394 199 3460 ὃ
221 3392 285 3480 μέν
314 3406 416 3463 ταῦτα
443 3399 636 3482 κακοήθως,
664 3395 732 3482 μετ’
760 3397 952 3485 εὐπρεπείας
976 3395 1013 3465 δὲ
1035 3403 1119 3487 πρὸς
1131 3411 1159 3451 ³⁰

152 3519 381 3583 §16=Num.
401 3520 471 3578 XVI
490 3527 515 3579 3.

461 3760 595 3792 A
