2460 3848
483 148 649 198 AETTEPA
1031 147 1072 211 97

56 303 336 393 μιμνησκομένων
354 318 420 371 τῶν
439 308 486 382 είς
501 303 661 390 Ἰώσηπον
683 307 795 384 αὐτοῖς
813 305 1074 391 τετολμημένων,

56 412 214 479 κάκεῖνον
242 412 502 479 ἀποκαλούντων
532 414 779 498 μακαριώτερον
802 413 929 496 αὑτῶν,
960 416 992 478 εί
1012 412 1074 499 μὲν

57 518 233 602 τέθνηκεν,
257 519 392 584 ὅτιτῶν
410 520 491 583 κατὰ
515 522 573 585 τὸν
597 523 673 603 βίον
696 518 899 603 ἀπήλλακται
923 527 1075 606 σκυθρω-

57 635 146 708 πῦν,
168 627 200 689 εί
217 621 254 690 δὲ
272 629 449 710 περίεστιν,
473 625 523 690 ὅτι
546 635 603 709 τής
620 626 708 711 παρὰ
731 635 791 690 τοῦ
813 632 898 691 θεοῦ
919 623 990 691 κατ’
1017 627 1076 692 αὐ-

29 743 127 798 οτῶν
147 730 292 808 ἐκδικίας
310 732 478 816 τυγχάνει,
500 734 668 814 λεγόντων
691 728 721 796 δ’
745 731 866 809 αὑτοὺς
888 731 1077 817 ἀλιτηρίους

55 848 118 904 τοῦ
146 840 284 923 πατρός,
317 838 368 902 ὅτι
395 846 433 922 τή
463 838 571 922 λύπη,
602 837 644 919 ἣν
675 834 725 901 ἐπ’
753 837 868 926 έκείνφ
893 837 987 924 μέχρι
1010 849 1074 905 νῦν

57 947 146 1030 ἔχει,
177 941 233 1008 καὶ
260 945 321 1028 τήν
349 942 402 1008 ἐπὶ
428 940 590 1027 Βενιαμὶν
617 945 869 1027 προσθήσουσι,
901 947 1004 1020 πολὺς
1032 941 1075 1028 ήν

55 1048 232 1117 κάνταῦθα
250 1047 426 1133 Ῥούβηλος
444 1049 554 1114 αὐτῶν
572 1052 831 1133 καθαπτόμενος.
877 1049 987 1133 <138>
1008 1045 1075 1115 Ἰω-

57 1159 168 1240 σήπου
200 1152 238 1221 δὲ
269 1157 348 1232 τοὺς
379 1151 440 1239 μὲν
472 1154 676 1232 ἀπολύοντος
708 1152 824 1242 (οὐδὲν
857 1155 921 1240 γδιρ
955 1155 1076 1232 αὐτοὺς

14 1280 43 1320 1⁰
58 1259 224 1348 ἀδικεῖν),
255 1260 432 1347 ἀρκεῖσθαι
464 1258 501 1326 δέ
528 1264 614 1347 μόνη
642 1270 681 1346 τῇ
708 1272 768 1327 τοῦ
794 1263 915 1338 παιδὸς
936 1266 1075 1348 τιμωρίᾳ

57 1360 214 1453 λέγοντος
244 1368 334 1452 (οὔτε
362 1369 425 1453 γὰρ
458 1377 577 1433 τοῦτον
605 1366 764 1433 ἀπολύειν
792 1369 847 1432 διὰ
870 1371 949 1444 τοὺς
973 1364 1075 1434 οὐδὲν

58 1473 300 1561 ἐξαμαρτόντας
332 1485 468 1559 σῶφρον
498 1476 610 1557 ἔλεγεν
640 1474 716 1539 οὔτε
747 1474 961 1556 συγκολάζειν
994 1472 1075 1538 ἐκεί-

56 1605 139 1658 νους
161 1589 207 1669 τςό
231 1581 293 1664 τήν
315 1581 443 1664 κλοπήν
466 1577 709 1668 ἐργασαμένῳ),
738 1580 910 1662 βαδίζουσι
934 1575 971 1642 δὲ
993 1601 1075 1664 παρ-

57 1685 144 1765 έξειν
159 1686 342 1771 ἀσφάλειαν
357 1684 654 1770 ἐπαγγελλομένου,
668 1685 777 1767 <139>
787 1687 865 1761 τοὺς
879 1680 940 1769 μὲν
954 1686 1075 1761 ἄλλους

12 1809 42 1852 1⁶
57 1792 211 1877 ἔκπληξις
233 1795 329 1875 ἔλαβε
352 1789 407 1857 καὶ
429 1795 511 1877 πρὸς
533 1795 570 1858 τὸ
593 1792 701 1868 πάθος
724 1790 866 1875 ἀφωνία,
887 1788 1016 1867 Ἰούδας
1040 1788 1070 1855 δ’

57 1897 155 1966 ὁκαὶ
184 1902 244 1965 τὸν
266 1896 391 1983 πατέρα
417 1903 532 1975 πείσας
554 1896 716 1983 ἐκπέμψαι
739 1900 775 1964 τὸ
799 1898 990 1983 μειράκιον,
1021 1896 1075 1962 καὶ

57 1998 161 2071 τᾶλλα
184 2007 383 2091 δραστήριος
405 2004 452 2069 ὢν
475 2004 572 2090 ἀνήρ,
594 2001 677 2090 ὑπὲρ
700 2015 757 2088 τής
779 2003 946 2088 τάδελφοῦ
970 2021 1075 2087 σωτη-

57 2114 131 2197 ρίας
145 2113 254 2196 ἔκρινε
268 2109 531 2196 παραβαλέσθαι,
549 2111 658 2194 <140>
672 2108 728 2174 καὶ
747 2109 857 2174 εδειναὶ
876 2107 952 2192 μέν’
972 2104 1075 2192 εἶπεν,

59 2210 102 2280 ‘65
127 2215 302 2302 στρατηγέ,
327 2220 571 2301 τετολμήκαμεν
594 2217 641 2292 είς
664 2214 718 2298 σέ,
741 2213 796 2279 καὶ
819 2217 977 2299 τιμωρίας
1000 2213 1075 2292 ἀξια
1158 2274 1162 2281 .

13 2343 43 2382 εο
58 2320 117 2386 καὶ
143 2330 204 2386 τοῦ
231 2324 367 2389 κόλασιν
393 2323 552 2408 ὑποσχεῖν
580 2323 725 2399 ἅπαντας
751 2320 835 2405 ἡμᾶς
860 2322 1013 2403 δικαίως,
1046 2323 1077 2384 εί

59 2425 117 2493 καὶ
140 2425 301 2513 τάδίκημα
328 2432 373 2514 μή
400 2430 534 2495 πόντων
556 2429 650 2513 ἡμῶν
673 2424 745 2494 ἀλλ’
772 2425 846 2504 ἑνὸς
868 2437 929 2492 τοῦ
953 2426 1075 2492 νεωτιί-

58 2555 119 2600 του
138 2532 288 2618 γέγονεν·
313 2535 401 2620 ὅμως
420 2532 450 2599 δ’
473 2535 701 2618 ἀπεγνωκόσιν
723 2535 803 2619 ἡμῖν
821 2536 883 2617 τήν
902 2531 948 2599 δι’
972 2534 1075 2601 αὐτοῦ

59 2644 226 2725 σωτηρίαν
255 2639 346 2718 ἐλπὶς
372 2640 603 2708 ὑπολέλειπται
625 2641 714 2727 παρὰ
737 2649 794 2725 τής
817 2650 875 2724 σής
897 2645 1076 2727 χρηστότη-

58 2770 133 2830 τος,
165 2745 357 2831 ἐγγυωμένη
384 2749 445 2832 τήν
472 2757 533 2814 τοῦ
560 2749 721 2813 κινδύνου
745 2748 924 2832 διαφυγήν.
968 2748 1077 2831 <141>

18 2869 45 2911 2⁵
58 2851 115 2918 καὶ
133 2863 199 2918 νῦν
218 2854 262 2937 μή
281 2855 363 2937 πρὸς
377 2855 414 2918 τὸ
431 2851 590 2939 ἡμέτερον
608 2852 756 2939 ἀφορῶν,
779 2849 863 2936 μηδὲ
880 2854 917 2916 τὸ
936 2853 1076 2931 κακούρ-

59 2983 149 3044 γημα
173 2971 322 3042 σκοπῶν,
351 2958 434 3024 ἀλλά
457 2962 540 3045 πρὸς
561 2961 622 3043 τήν
645 2968 768 3024 σαυτοῦ
792 2958 911 3042 φύσιν,
938 2953 993 3019 καὶ
1015 2956 1076 3039 τήν

60 3065 181 3150 ἀρετήν
206 3066 399 3149 σύμβουλον
422 3064 643 3149 ποιησόμενος
665 3061 738 3127 ἀντὶ
760 3070 817 3144 τής
840 3061 955 3146 ὀργῆς,
977 3059 1020 3143 ήν
1043 3062 1079 3127 οί

61 3165 164 3236 τᾶλλα
194 3169 307 3257 μικροὶ
334 3173 416 3257 πρὸς
447 3172 560 3257 ἰσχύος
583 3169 831 3253 λαμβάνουσιν,
863 3166 924 3232 οὐκ
948 3165 984 3231 ἐν
1007 3177 1076 3244 τοῖς

60 3278 216 3363 μεγάλοις
235 3281 339 3361 μόνον
359 3275 516 3343 ἀλλὰκαὶ
540 3274 592 3341 ἐπὶ
614 3286 683 3351 τοῖς
705 3282 864 3358 τυχοῦσιν
887 3274 968 3359 αὐτή
991 3277 1075 3359 χρώ-

17 3401 43 3440 ῖο
58 3407 167 3468 μενοι,
190 3393 291 3466 γενοῦ
313 3386 396 3469 πρὸς
421 3383 525 3467 αὐτήν
549 3383 767 3466 μεγαλόφρων
790 3376 844 3445 καλ
868 3381 911 3464 μή
936 3387 1076 3464 νικηθής

132 3511 147 3569 ξ
168 3510 217 3558 137
234 3529 268 3549 =
283 3504 350 3560 Gen.
369 3504 456 3558 XLIV
477 3509 517 3558 16.

112 3603 126 3642 1
127 3612 242 3642 nnnnnnnn
254 3603 272 3641 Ι.
902 3596 919 3642 't
