2460 3848
61 542 78 591 8

98 152 140 216 62
335 151 337 156 ’
462 153 736 207 ΑΡΧΑΙΟΛΟΓΙΑΣ

97 338 158 399 ρον
177 315 266 403 αὐτῷ
285 325 394 380 ποιείν
414 313 432 379 ό
450 322 508 398 τῆς
526 316 625 398 κόρης
643 316 725 399 έρας
744 311 904 398 ἐπέτρεπε.
951 312 1005 378 καί
1025 315 1113 379 διελ-
1216 338 1219 344 ·

15 469 21 479 »
96 423 225 507 θούσης
247 423 349 504 ἀλλης
372 417 519 496 έπτετίας
541 420 601 502 τήν
620 417 779 504 Ῥαχήλαν
802 417 997 505 παρέλαβεν.

186 528 295 610 <303>
314 523 399 610 ήσαυ
419 522 453 591 δ’
474 523 640 610 ἑκατέραις
657 527 892 609 θεραπαινίδες
910 535 970 591 τοῦ
992 529 1114 612 πατρὸς

97 635 231 715 δόντος,
259 633 373 716 Ζελφὰ
396 627 457 715 μὲν
480 633 582 706 Λείας
600 627 755 715 Ῥαχήλας
778 627 816 695 δὲ
838 631 968 714 Βάλλα,
996 632 1114 696 δοῦλαι
1145 651 1147 655 ’

23 767 25 771 ’
96 735 157 822 μὲν
176 738 330 822 οὐδαμῶς
348 734 607 822 ὑποτεταγμέναι
628 733 672 801 δέ.
718 736 849 820 καὶτῆς
872 740 974 813 Λείας
995 738 1141 820 ῆπτετοε

96 847 214 921 δεινῶς
238 845 256 910 δ
279 847 361 930 πρὸς
384 845 445 928 τήν
467 843 618 928 ἀδελφήν
641 846 723 929 έριος
745 841 904 928 τάνδρός,
927 845 1113 927 προσεδόκα

96 973 130 1015 τε
161 951 291 1015 παίδων
318 949 509 1035 γενομένυν
536 952 672 1015 ἔσεσθαι
699 953 810 1033 τιμία,
839 946 965 1014 ἱκέτευέ
990 972 1024 1014 τε
1052 952 1112 1015 τὸν

44 1072 48 1078 ’
94 1057 178 1122 θεὸν
197 1057 365 1141 διηνεκῶς.
411 1056 521 1140 <304>
540 1053 596 1121 καὶ
615 1053 798 1140 γενομένου
821 1058 939 1133 παιδὸς
962 1057 1112 1141 ἀρρευος,

95 1160 150 1227 καὶ
182 1164 239 1228 διά
271 1172 368 1229 τοῦτο
400 1164 482 1248 πρὸς
519 1161 624 1246 αὐτήν
661 1160 928 1247 ἐπεστραμμένου
960 1162 1112 1247 τάνδρός,

90 1265 270 1351 Ῥούβηλον
299 1267 450 1351 ὀνομάζει
477 1269 536 1333 τὸν
564 1268 662 1352 υίόν,
693 1270 780 1333 διότι
806 1265 876 1332 κατ’
912 1271 1005 1334 ἔλεον
1029 1269 1110 1353 αὐτῆ
1126 1288 1152 1327 10

94 1383 155 1439 τοῦ
184 1379 268 1439 θεοῦ
292 1373 434 1457 γένοιτο·
462 1384 561 1440 τοῦτο
589 1375 652 1460 γάρ
680 1377 832 1458 σημαίνει
860 1375 1015 1459 τούνομα.
1062 1399 1111 1439 τε-

95 1489 254 1545 κνοῦνται
268 1476 306 1546 δὲ
324 1481 405 1566 αὐτῆ
424 1478 479 1546 καὶ
493 1491 581 1566 τρεῖς
595 1480 700 1568 ἕτεροι
719 1480 798 1563 μετά
813 1483 948 1566 χρόνον,
967 1483 1110 1570 Συμεών

96 1585 328 1672 (ἀποσημαίνει
361 1584 398 1653 δὲ
424 1587 572 1671 τούνομα
600 1589 637 1652 τὸ
666 1585 809 1670 ἐπήκοον
841 1587 923 1672 αὐτῆ
946 1588 1111 1652 τὸνθεόν

94 1692 294 1781 γεγονέναι),
317 1690 386 1759 είτα
400 1697 513 1777 Λευίς,
531 1697 706 1770 κοινωνίας
724 1685 798 1759 οἷον
817 1695 1010 1778 βεβαιωτής·
1030 1690 1105 1776 μεθ’

95 1797 134 1865 δν
153 1798 290 1877 Ἰούδας.
336 1801 546 1885 εὐχαριστίαν
573 1810 670 1866 τοῦτο
694 1803 799 1884 δηλοῖ.
845 1800 953 1881 <305>
972 1797 1110 1884 Ῥαχήλα
1124 1817 1150 1856 15

94 1901 132 1968 δὲ
154 1902 347 1990 φοβουμένη
371 1906 415 1989 μή
444 1906 500 1970 διά
531 1907 591 1990 τήν
614 1905 785 1970 εὐτεκνίαν
809 1914 866 1988 τῆς
889 1905 1032 1989 ἀδελφῆς
1054 1906 1109 1988 ήτ-

94 2034 191 2088 τουος
218 2013 307 2098 παρά
334 2009 476 2097 τάνδρὸς
503 2015 621 2097 μοίρας
642 2011 804 2097 τυγχάνη,
834 2015 1109 2096 παρακατακλίνει

92 2126 137 2205 τῷ
158 2115 301 2209 Ἰακώβῳ
325 2120 386 2203 τήν
410 2116 527 2202 ἑαυτῆς
550 2119 773 2203 θεραπαινίδα
795 2117 938 2182 Βάλλαν.
984 2121 1109 2200 γίνεται

42 2289 44 2294 .
94 2220 131 2288 δὲ
153 2227 287 2314 παιδίον
311 2224 344 2304 έξ
368 2225 469 2309 αὐτῆς
492 2225 567 2290 Δάν
595 2223 785 2311 (θεόκριτον
808 2226 851 2290 ἀν
873 2247 960 2300 τινες
983 2230 1108 2289 είποιεν

92 2331 174 2394 κατά
191 2333 253 2414 τήν
270 2328 448 2414 Ἑλλήνων
466 2327 629 2415 γλῶτταν)
654 2329 709 2395 καὶ
731 2331 811 2414 μετά
835 2339 953 2399 τοῦτον
968 2333 1107 2414 Νεφθα-
1122 2346 1149 2385 20

93 2438 184 2517 λείμ,
214 2434 421 2520 ἀμηχάνητος
444 2427 536 2516 οἷον,
566 2436 623 2500 διά
646 2437 683 2500 τὸ
707 2434 1003 2518 ἀντιτεχνάσασθαι
1025 2439 1108 2521 πρὸς

92 2540 153 2622 τήν
185 2540 355 2605 εὐτεκνίαν
387 2548 444 2624 τῆς
475 2539 629 2624 ἀδελφῆς.
680 2539 788 2623 <306>
817 2542 854 2605 τὸ
883 2537 914 2604 δ’
945 2541 1025 2607 αὐτὸ
1053 2539 1107 2604 καὶ

92 2648 175 2709 Λεία
202 2657 305 2730 ποιεί,
333 2648 415 2730 πρὸς
442 2647 479 2710 τὸ
508 2654 566 2728 τῆς
588 2645 732 2730 ἀδελφῆς
755 2647 854 2730 έργον
878 2644 1107 2731 ἀντιτεχνασα-
1216 2723 1219 2727 ,

92 2747 187 2835 μένη·
206 2753 479 2836 παρακατακλίνει
493 2751 556 2838 γάρ
573 2752 635 2834 τήν
649 2751 749 2834 αὐτῆς
767 2751 984 2836 θεράπαιναν.
1020 2756 1108 2836 γίνε-

91 2880 144 2921 ται
168 2854 205 2923 δέ
226 2855 281 2922 καὶ
305 2857 341 2922 ἐκ
363 2865 420 2941 τῆς
442 2861 574 2941 Ζελφᾶς
594 2857 668 2933 υίὸς
686 2857 796 2934 Γάδας
819 2855 969 2943 (τυχαῖον
993 2860 1035 2923 άν
1058 2884 1107 2936 τις
1122 2876 1147 2920 25

91 2961 260 3030 καλέσειεν
288 2965 404 3048 αὐτόν)
437 2960 492 3029 καὶ
520 2964 600 3046 μετδ
628 2972 748 3029 τοῦτον
770 2959 883 3047 Ἀσήρ·
907 2966 1108 3048 μακαριστὴς

91 3066 210 3153 λέγοιτ’
242 3073 300 3154 ἀν,
332 3070 364 3149 ἐξ
393 3065 440 3136 ὧν
468 3070 550 3154 πρὸς
578 3069 730 3134 εὔκλειαν
753 3077 791 3154 τῆ
815 3072 900 3155 Λείᾳ
922 3067 1106 3152 προσελάμ-

88 3177 180 3257 βανε.
226 3177 337 3259 <307>
351 3175 531 3262 Ῥουβήλου
552 3171 589 3240 δὲ
608 3186 667 3240 τοῦ
685 3175 913 3260 πρεσβυτάτου
932 3183 999 3266 τῶν
1021 3173 1106 3237 υίῶν

91 3283 191 3356 Λείας
209 3281 445 3366 μανδραγόρου
464 3285 551 3364 μῆλα
574 3283 764 3371 κομίζοντος
781 3287 820 3363 τῆ
840 3281 949 3362 μητρί,
967 3275 1106 3364 Ῥαχήλα

90 3385 280 3470 θεασαμένη
308 3387 482 3472 παρεκάλει
510 3386 733 3470 μεταδοῦναι,
765 3381 808 3448 δι’
841 3382 1019 3468 ἐπιθυμίας
1046 3397 1105 3452 τοῦ
1120 3406 1146 3444 30

163 3513 249 3574 §303
265 3507 381 3563 πίλου.
400 3506 492 3562 XXIX
510 3512 553 3562 24.
