2460 3848
99 135 163 192 102
465 126 739 179 APXAIOAomz

96 291 179 373 πρὸς
201 286 365 372 ἀλλήλους
387 285 630 372 τετραμμένους
652 287 713 371 τήν
735 281 974 371 περιφέρειαν·
1002 286 1064 355 καλ
1088 291 1103 354 δ

97 396 208 463 αὐτῶν
222 396 393 481 ἐπίχρυσοι
408 395 600 471 σκυταλίδες
619 392 849 477 ἐλαυνόμεναι,
867 390 974 458 πέντε
995 398 1110 481 πήχεω

98 501 216 587 ἑκάστη
239 506 277 569 τὸ
300 500 456 586 μέγεθος,
485 501 671 584 σύνδεσμος
692 494 778 582 ήσαν
801 508 867 563 τῶν
891 501 1051 585 κιόνων,
1080 503 1117 587 ἐμ

97 610 278 692 βαινοάσης
301 610 382 674 κατὰ
405 608 553 693 κεφαλήν
577 607 774 682 σκυταλίδος
797 602 939 688 ἑκάστης
961 616 1009 692 τῇ
1037 607 1124 696 ἑτέρη

97 722 240 801 τεχνητῷ
265 717 456 799 στρόφιγγι,
483 716 619 799 κοχλίου
642 715 766 797 τρόπον
788 712 1128 804 δεδημιουργημένῳ.

97 818 206 901 <121>
224 821 305 883 κατὰ
324 816 362 884 δέ
380 823 439 887 τὸν
458 821 599 886 ὄπισθεν
622 829 734 904 τοῖχον
758 821 817 902 μία
838 816 972 902 φάλαγξ
1002 816 1052 904 ήν
1076 822 1129 887 διδ

96 924 231 989 πάντων
260 927 357 990 ἐοῦσα
383 939 451 992 τῶν
473 930 612 1010 κιόνων,
639 927 687 1003 είς
714 924 757 1008 ήν
780 922 957 1009 ἐνέβαινον
983 928 1128 1013 πλάγιαι

97 1027 152 1094 καὶ
180 1031 218 1094 αί
246 1029 394 1096 τελευταὶ
425 1044 492 1098 τῶν
520 1033 727 1098 σκυταλίδων
755 1029 788 1109 ἐξ
816 1026 976 1114 ἑκατέρου
1010 1037 1127 1120 τοίχου

97 1147 163 1202 τῶν
187 1135 462 1221 ἐπιμηκεστέρων·
486 1136 541 1203 καὶ
564 1142 757 1222 κρατεῖσθαι
781 1133 981 1220 συνέβαινεν
1009 1139 1128 1216 αὐταῖς

98 1244 292 1327 γιγγλύμοις
314 1251 359 1331 τῷ
382 1245 480 1326 θήλει
499 1254 559 1310 τοῦ
582 1246 721 1330 άρρενος
744 1245 982 1320 συνελθόντος.
1023 1257 1125 1312 τοῦτο
1138 1266 1157 1306 ιι

97 1347 210 1433 μέντοι
239 1351 322 1434 πρὸς
348 1351 385 1414 τὸ
413 1347 496 1434 μήθ’
522 1346 580 1414 ὑπ’
607 1348 739 1434 ἀνέμων
765 1349 1014 1434 κραδαίνεσθαι
1046 1349 1121 1436 μήτ’

97 1457 199 1539 άλλης
221 1457 326 1532 αίτίας
348 1456 409 1539 τήν
433 1457 559 1540 σκηνήν
583 1467 752 1541 συνεῖχεν,
774 1452 846 1519 ἀλλ’
873 1450 1041 1538 ἀκίνητον
1066 1458 1124 1524 αὐ-

97 1563 159 1645 τήν
182 1560 219 1626 ἐν
241 1561 360 1647 ήρεμίᾳ
383 1567 488 1647 πολλή
513 1561 730 1647 διαφυλάξειν
753 1563 898 1645 έμελλεν.

60 1682 79 1731 4
165 1668 274 1750 <122>
299 1665 392 1743 έντὸς
422 1663 458 1731 δέ
489 1668 610 1734 διελὼν
639 1669 676 1733 τδ
706 1675 808 1751 μήκος
836 1665 938 1749 αὐτῆς
966 1669 1015 1744 είς
1045 1673 1123 1757 τρία

98 1771 192 1859 μέρη,
214 1773 294 1856 μετά
313 1771 392 1838 δέκα
410 1776 523 1858 πήχεις
541 1773 771 1858 ἡρμοσμένους
790 1772 825 1837 έκ
838 1781 898 1837 τοῦ
917 1783 1030 1858 μυχοῦ
1051 1774 1122 1841 τέτ-
1134 1795 1155 1836 ιε

97 1903 198 1965 ταρας
220 1880 328 1963 ἵστησι
351 1883 482 1964 κίονας,
506 1879 627 1962 ὁμοίως
649 1890 719 1955 τοῖς
740 1880 853 1955 άλλοις
875 1878 1123 1963 εἰργασμένους

97 1983 152 2050 καὶ
175 1985 313 2069 βάσεσιν
343 1987 471 2070 ὁμοίαις
493 1983 734 2070 ἐπικειμένους,
762 1987 992 2074 διαλείποντας
1016 1984 1121 2071 ἀλλή-

98 2095 167 2157 λων
194 2089 264 2158 κατ’
292 2093 416 2177 ὀλίγον.
462 2095 499 2158 τὸ
528 2089 558 2157 δ’
586 2090 749 2175 ἐνδοτέρω
777 2092 887 2157 αὐτῶν
910 2091 1038 2156 ἄδυτον
1063 2089 1121 2177 ήν,

96 2198 134 2262 τὸ
158 2192 195 2261 δέ
213 2200 365 2283 λοιπδνή
381 2199 486 2283 σκηνή
505 2209 574 2274 τοῖς
594 2199 737 2283 ίερεῦσιν
761 2196 880 2262 άνεῐτο.
927 2197 1040 2281 <123>
1054 2201 1121 2284 τήν

96 2299 209 2386 μέντοι
234 2304 448 2389 διαμέτρησιν
470 2305 532 2387 τήν
554 2305 710 2389 τοιαύτην
733 2312 791 2386 τῆς
813 2311 935 2387 σκηνῆς
956 2305 1041 2384 πρὸς
1063 2309 1120 2388 μί·
1133 2326 1157 2367 ιο

96 2425 198 2492 μησιν
215 2418 273 2492 τῆς
290 2420 358 2474 τῶν
377 2410 465 2475 ὅλων
483 2410 616 2494 φύσεως
634 2408 831 2494 συνέβαινεν
850 2405 946 2474 εἶναι.
990 2410 1029 2474 τὸ
1054 2407 1119 2494 μὲν

95 2514 159 2600 γάρ
188 2518 300 2597 τρίτον
330 2513 429 2598 αὐτῆς
456 2513 555 2599 μέρος
583 2518 620 2581 τὸ
650 2514 742 2592 ἐντὸς
768 2527 834 2581 τῶν
857 2514 1022 2600 τεττάρων
1046 2520 1118 2582 κιό-

94 2643 184 2704 νων,
215 2619 233 2685 δ
262 2631 331 2696 τοῖς
359 2620 504 2704 ἱερεῦσιν
526 2616 569 2703 ἦν
592 2622 736 2705 άβατον,
769 2622 813 2697 ὡς
835 2621 979 2704 οὐρανὸς
1001 2619 1116 2687 ιἰνείτο

95 2735 141 2815 τῷ
165 2732 248 2813 θεῷ·
278 2725 313 2790 οί
334 2722 363 2788 δ’
392 2732 495 2791 εἴκοσι
522 2728 651 2812 πήχεις,
681 2727 791 2812 ὥσπερ
822 2735 863 2809 γῆ
886 2724 941 2791 καὶ
963 2726 1116 2793 θάλαττα
1207 2735 1208 2752 ’

96 2833 237 2918 βάσιμος
263 2830 469 2915 ἀνθρώποις,
501 2833 587 2898 οὕτω
615 2845 683 2910 τοῖς
712 2834 835 2918 ίερεῦσι
863 2836 978 2916 μόνοις
1006 2831 1115 2899 ἐπετέ-
1129 2853 1155 2897 ιο

96 2962 230 3024 τραπτο.
275 2937 384 3022 <124>
407 2939 489 3002 κατά
516 2937 668 3022 μέτωπον
692 2938 745 3024 δέ,
774 2938 806 3018 ἐξ
830 2935 871 3005 οὗ
894 2940 955 3022 τήν
978 2941 1115 3007 εἴσοδον

96 3041 183 3128 ἦσαν
201 3041 427 3129 πεποιημένοι,
439 3047 548 3121 κίονες
566 3043 708 3111 ἕστασαν
726 3056 847 3129 χρυσοῖ
862 3050 997 3129 χαλκαῖς
1014 3044 1114 3128 βάσε-

84 3153 152 3215 Ισιν
184 3151 381 3236 ἐφεστῶτες,
411 3145 506 3214 πέντε
536 3153 595 3216 τὸν
623 3149 778 3238 ἀριθμόν.
824 3151 1113 3218 κατεπετάννυσαν

93 3251 134 3319 δέ
148 3258 209 3339 τήν
225 3259 351 3342 σκηνήν
365 3257 464 3342 ὕφεσι
477 3257 605 3340 βύσσου
620 3256 674 3323 καὶ
688 3257 861 3343 πορφύρας
875 3254 930 3321 καὶ
943 3256 1113 3324 ὑακίνθου

98 3359 151 3426 καὶ
169 3365 322 3446 φοίνικος
339 3367 461 3449 βαφαῖς
484 3362 768 3448 συγκεκραμένοις.
815 3364 923 3447 (125)
946 3361 1001 3427 καὶ
1023 3374 1112 3449 πρῶ·
1126 3384 1155 3424 so

156 3489 242 3552 §121
260 3511 296 3532 =
309 3481 400 3543 Exod.
418 3482 512 3542 XXVI
530 3490 574 3543 28.
647 3491 662 3553 ς
681 3482 1063 3540 12‘2-Rxossmm.

691 3744 765 3768 ,ῤ’
