2460 3848
105 149 147 214 86
469 152 742 205 ΔΡΧΑΙΟΔΟΓΙΑΣ

103 323 318 399 παραγαγεῖν,
336 314 395 377 τὸν
414 308 474 396 μὲν
493 313 632 396 ἣκουσιν
651 314 787 395 άγοντες
806 312 841 377 οί
856 307 1119 394 κεκελευσμένοι,

104 422 343 503 τημελήσαντες
366 419 447 483 κατὰ
470 421 507 484 τὸ
530 421 722 505 πρόσταγμα
745 429 805 485 τοῦ
827 415 999 502 βασιλέως·
1029 418 1119 502 <80>

71 525 124 591 οδ
155 521 193 590 δὲ
223 534 280 609 τῆς
312 524 421 603 δεξιᾶς
452 525 555 590 αὐτοῦ
582 528 764 610 λαβόμενος
796 519 838 589 ‘0³2
865 523 996 590 νεανία’
1024 527 1119 609 φησί,

107 628 180 716 ’(σὺ
204 630 267 716 γάρ
286 654 342 714 μοι
360 640 425 696 νῦν
443 633 576 717 άριστος
599 629 653 696 καὶ
676 632 813 696 σύνεσιν
837 632 1035 707 ἱκανώτατος
1057 626 1115 694 ὑπ’

100 732 235 802 οίκέτου
253 735 379 820 τούμοῦ
397 736 659 824 μεμαρτύρησαι)
682 749 749 802 τῶν
768 736 877 802 αὐτῶν
896 735 1047 819 άγαθῶν,
1071 730 1148 802 ὧνε

105 839 160 907 καὶ
178 843 284 930 τούτῳ
298 842 536 927 μεταδέδωκας,
559 841 702 922 ἀξίωσον
719 841 813 928 κάμέ,
835 843 964 929 φράσας
982 841 1044 907 ὅσα
1063 865 1121 926 μοι

105 949 187 1012 κατὰ
208 951 287 1024 τοὺς
307 949 435 1026 ὕπνους
462 949 642 1032 ὀνειράτων
665 952 758 1028 όφεις
779 951 994 1036 προδηλοῦσι.
1039 950 1121 1032 βού-
1174 1028 1185 1039 ,

105 1059 204 1138 λομαι
232 1050 272 1118 δέ
297 1070 333 1119 σε
362 1051 466 1139 μηδὲν
488 1056 775 1139 ὑποστελλόμενον
804 1057 899 1143 φόβῳ
922 1060 1121 1121 κολακεῦσαι

106 1163 194 1249 λόγῳ
213 1161 332 1238 ψευδεῖ
347 1159 402 1225 καὶ
420 1171 465 1248 τχῦ
484 1165 566 1248 πρὸς
584 1163 723 1246 ἡδονήν,
746 1161 788 1227 άν
807 1158 948 1247 τάληθὲς
967 1168 1122 1247 σκυθρω-

105 1269 246 1353 πότερον
269 1260 299 1352 ἦ.
345 1267 432 1352 <81>
455 1267 552 1346 ἔδοξα
575 1270 638 1354 γάρ
661 1269 749 1354 παρά
772 1271 831 1334 τὸν
854 1271 1003 1353 ποταμὸν
1026 1270 1122 1352 βαδί-
1137 1288 1164 1328 ω

108 1375 171 1449 ζων
189 1375 271 1455 βοῦς
285 1375 370 1439 ίδεῖν
384 1374 556 1460 εὐτραφεῖς
574 1376 641 1459 ἅμα
659 1372 714 1439 καὶ
732 1371 866 1458 μεγέθει
886 1374 1122 1459 διαφερούσας,

108 1475 186 1543 ἑπτά
218 1481 277 1545 τὸν
304 1479 471 1566 άρνθμόν,
504 1480 567 1546 άπὸ
595 1490 655 1546 τοῦ
681 1481 825 1564 νάματος
852 1491 972 1565 χωρεῖν
1002 1477 1055 1544 ἐπὶ
1084 1483 1121 1546 τὸ

107 1583 195 1669 ἕλος,
224 1587 325 1662 άλλας
352 1582 389 1650 δὲ
416 1587 548 1663 ταύταις
574 1589 634 1652 τὸν
663 1585 811 1672 ἀριθμὸν
833 1588 1062 1670 παραπλησίας
1086 1584 1123 1651 ἐκ

105 1699 166 1757 τοῦ
194 1689 289 1769 ἕλους
315 1692 516 1777 ὑπαντῆσαι,
544 1697 620 1757 λίαν
642 1688 908 1776 κατισχνωμένας
931 1688 986 1755 καὶ
1009 1692 1123 1769 δεινὰς

107 1796 284 1881 ὁραθῆναι,
307 1801 343 1862 αἳ
363 1802 599 1863 κατεσθίουσαι
623 1800 681 1875 τάς
704 1798 877 1884 εὐτραφεῖς
900 1794 954 1861 καὶ
978 1797 1123 1881 μεγάλας
1138 1816 1164 1858 ιε

107 1897 208 1966 οὐδὲν
232 1902 435 1987 ὠφελοῦντο,
458 1908 605 1989 χαλεπῶς
627 1904 691 1969 ὑπὸ
715 1912 775 1970 τοῦ
798 1908 897 1987 λιμοῦ
919 1901 1123 1988 τετρυχωμέ-

107 2031 172 2071 ναι.
217 2008 305 2092 <82>
326 2011 405 2092 μετά
425 2005 462 2074 δὲ
480 2011 603 2094 ταύτην
622 2011 682 2093 την
702 2012 781 2088 ὅφιν
800 2006 984 2093 διεγερθεὶς
1002 2007 1038 2072 ἐκ
1060 2019 1124 2076 τοῦ

106 2115 215 2182 ὕπνου
238 2113 294 2180 καὶ
316 2113 565 2202 τεταραγμένος,
589 2114 644 2182 καὶ
662 2120 696 2181 τί
716 2112 787 2182 ποτ’
811 2122 861 2199 είη
885 2117 922 2180 τὸ
945 2115 1123 2199 φάντασμα

24 2270 27 2277 ,
107 2220 183 2307 παρ’
212 2220 340 2307 ἐμαυτῷ
369 2234 522 2307 σκοπῶν,
554 2221 778 2309 καταφέρομαι
807 2222 908 2286 πάλιν
932 2221 980 2296 είς
1001 2220 1123 2306 ύπνον,

107 2325 161 2391 καὶ
185 2328 341 2413 δεύτερον
360 2329 442 2412 όυαρ
462 2329 528 2412 ὁρῶ
551 2331 637 2393 πολὺ
660 2338 720 2393 τοῦ
742 2325 904 2413 προτέρου
928 2328 1124 2409 θαυμασιώ-
1138 2346 1165 2386 νο

107 2454 221 2514 τερον,
248 2432 266 2494 ὅ
290 2454 329 2513 με
352 2429 406 2495 καὶ
434 2437 560 2515 μᾶλλον
591 2432 728 2516 ἐκφοβεῖ
752 2429 807 2495 καὶ
830 2431 987 2517 ταράττει.
1034 2432 1123 2518 <83>

108 2535 228 2619 στάχυς
251 2532 330 2599 ἑπτά
349 2533 462 2621 ἑώρων
481 2536 545 2602 ἀπὸ
569 2546 644 2620 μιᾶς
667 2536 756 2620 ῥίζης
780 2536 954 2621 ἐκφύντας,
977 2542 1124 2623 καρηβα-

108 2649 249 2726 ροῦντας
271 2642 334 2725 ἤδη
358 2639 413 2706 καλ
435 2639 647 2726 κεκλιμένους
669 2642 734 2708 ὑπὸ
753 2654 812 2709 τοῦ
835 2653 963 2728 καρποῦ
986 2642 1041 2708 καὶ
1064 2655 1124 2729 τῆς

107 2747 189 2832 πρὸς
216 2743 343 2829 άμητὸν
370 2747 476 2832 ὥρας,
507 2745 562 2812 καλ
589 2749 718 2824 τούτοις
746 2745 876 2832 ἑτέρους
899 2748 979 2814 ἑπτά
1002 2751 1125 2835 στάχυς

107 2854 265 2937 πλησίου,
292 2856 531 2938 λιφερνοῦντας
553 2852 609 2919 καλ
632 2853 786 2930 ἀσθενεῖς
806 2852 863 2918 ὑπ’
891 2853 1049 2941 ἀδροσίας
1056 2906 1066 2940 ,
1090 2861 1164 2923 οἳεε

18 2956 22 2963 ’
109 2963 261 3026 δαπανᾶν
293 2956 348 3024 καὶ
377 2964 565 3025 κατεσθίειν
592 2964 669 3038 τοὺς
698 2962 840 3047 ὡραίους
866 2959 1042 3047 τραπέντες
1072 2964 1126 3027 έκ-

109 3066 229 3151 πληξίν
252 3091 308 3150 μοι
331 3061 521 3152 παρέσχον.’

74 3193 91 3242 ο
175 3173 263 3256 <84>
282 3170 438 3256 Ἰώσηπος
462 3168 492 3236 δ’
518 3172 696 3257 ὑπολαβών
720 3172 754 3238 ’ὁ
774 3174 903 3258 ὄνειρος
926 3170 987 3257 μὲν
1011 3170 1126 3253 οὗτος’

109 3272 216 3360 εἶπεν,
245 3271 287 3340 ’ὦ
315 3281 471 3361 βασιλεῦ,
503 3282 618 3364 καίπερ
649 3276 686 3343 ἐν
720 3276 797 3341 δυσὶ
823 3289 966 3363 μορφαῖς
994 3279 1126 3368 ὀφθείς,

109 3387 189 3468 μίαν
218 3379 272 3447 καὶ
303 3384 365 3466 την
395 3383 500 3468 αὐτὴν
526 3384 745 3468 άποσημαίνει
773 3385 928 3467 τελευτην
955 3396 1021 3449 τῶν
1053 3386 1127 3453 έσο-
1141 3407 1169 3450 εο

181 3501 381 3572 §so-Gen.
400 3503 461 3557 XLI
482 3511 522 3560 16.
