2460 3848
152 151 219 215 244
521 154 796 207 ΑΡΧΑῙΟΛΟΓΙΔΣ

97 330 129 380 1⁵
215 314 325 400 (219)
347 306 396 392 εἷς
420 311 457 380 δὲ
476 317 520 400 μή
538 314 747 381 πιστευέσθω
770 314 906 402 μάρτυς,
930 315 1013 380 ἀλλά
1037 328 1131 400 τρεῖς
1156 317 1177 402 ή

148 423 186 487 τὸ
208 427 399 487 τελευταῖον
422 423 484 488 δύο
491 415 577 506 ,ὧν
604 424 666 507 τήν
693 405 878 509 μαρτυρίαν
902 421 1012 505 ἀληθῆ
1036 427 1179 508 ποιήσει

149 529 189 593 τά
208 526 468 613 προβεβιωμένα.
505 539 675 611 γυναικῶν
695 525 732 594 δέ
753 529 797 612 μή
822 530 905 594 ἔστω
928 531 1095 613 μαρτυρία
1122 532 1181 596 διὰ

149 637 338 720 κουφότητα
366 632 420 699 καί
447 634 575 719 θράσος
604 644 663 700 τοῦ
686 632 805 717 γένους
828 634 948 699 αὐτῶν.
994 640 1178 721 μαρτυρεί-

149 756 260 805 τωσαυ
293 736 330 804 δέ
360 736 444 824 μηδὲ
472 740 588 806 δοῦλοι
617 740 672 804 διδ
700 741 761 824 τήν
789 749 846 823 τῆς
876 747 983 824 ψυχῆς
1004 737 1206 826 ἀγένειαν,ι

149 846 208 922 οὓς
229 846 250 930 ή
273 847 329 910 διὰ
352 843 469 932 κέρδος
492 848 578 924 είκὸς
601 846 621 931 ή
646 847 702 911 διὰ
731 850 841 932 φόβον
864 848 908 930 μή
932 844 1063 929 τάληθῆ
1088 871 1178 932 μαρ-

149 960 298 1039 τυρήσαι.
343 952 385 1019 άυ
414 951 455 1018 δέ
477 976 527 1030 τις
553 955 872 1040 ψευδομαρτυρήσας
894 958 1076 1038 πιστευθῇ,
1109 978 1176 1020 πα-

150 1056 252 1143 σχέτω
275 1056 365 1125 ταῦτ’
388 1057 558 1144 ἐλεγχθεὶς
580 1060 679 1126 ὅσα-δ
698 1057 1005 1146 καταμαρτυρηθεὶς
1025 1060 1176 1146 πάσχειν

155 1167 302 1248 ἔμελλεν.

100 1291 132 1340 16
218 1272 328 1356 <220>
351 1271 393 1337 ἀν
421 1269 458 1337 δέ
480 1270 687 1359 πραχθέντος
713 1275 828 1357 φόνου
850 1274 887 1337 έν
914 1296 981 1337 τινι
1008 1273 1104 1360 χώρα
1130 1276 1176 1358 μή
1192 1293 1215 1331 ιο

153 1379 342 1463 εὑρίσκηται
366 1377 384 1444 6
408 1378 531 1464 δράσας
549 1375 625 1464 μηδ’
647 1379 834 1463 ὑπονοῆταί
852 1401 902 1454 τις
925 1378 969 1454 ὡς
992 1378 1049 1442 διά
1073 1391 1176 1463 μῖσος

153 1484 353 1569 ἀπεκτονώς,
382 1488 578 1569 ζητείτωσαν
601 1481 662 1569 μὲν
684 1485 788 1551 αὐτὸν
816 1485 896 1568 μετά
919 1488 1044 1567 πολλῆς
1067 1502 1176 1552 σπου-

155 1592 230 1675 δῆς,
256 1593 407 1678 μήνυτρα
429 1588 645 1677 προθέμενοι·
674 1593 817 1676 μηδενὸς
839 1586 876 1655 δέ
900 1590 1107 1675 μηνύοντος,
1142 1594 1180 1658 αί

155 1696 252 1784 ἀρχαὶ
278 1708 346 1764 τῶν
374 1700 504 1764 πόλεων
533 1709 601 1763 τῶν
623 1700 764 1781 πλησίον
787 1705 826 1782 τῇ
849 1697 941 1783 χώρᾳ
964 1694 1001 1761 έν
1025 1689 1046 1780 ᾗ
1070 1698 1087 1763 6
1113 1702 1178 1783 φό-

154 1829 213 1880 νος
232 1803 394 1890 έπράχθη,
416 1801 471 1869 καὶ
488 1804 509 1888 ἡ
528 1808 686 1890 γερουσία
705 1804 925 1878 συνελθόντες
950 1805 1179 1887 μετρείτωσαν
1193 1823 1217 1862 15

156 1909 220 1975 ἀπὸ
239 1919 299 1976 τοῦ
318 1913 422 2006 τόπου
441 1904 518 1998 έυῷ
537 1921 639 1976 κεῖται
659 1910 677 1975 6
695 1911 813 1994 νεκρὸς
830 1910 892 1991 τήν
911 1907 1032 1994 χώραν.
1064 1907 1180 1994 <221>

156 2016 177 2099 ή
206 2013 236 2081 δ’
265 2015 307 2081 ἀν
334 2009 356 2102 ᾖ
385 2017 600 2100 πλησιαιτάτη
630 2019 743 2098 πόλις,
774 2016 810 2081 οί
835 2013 871 2079 ἐν
905 2013 987 2098 αὐτῇ
1018 2014 1179 2097 δημόσιοι

159 2125 336 2211 πριάμενοι
370 2123 530 2207 δάμαλιν,
562 2121 616 2188 καὶ
643 2125 838 2207 κομίσαντες
867 2123 914 2196 είς
942 2119 1098 2205 φάραγγα
1123 2122 1181 2188 καὶ

158 2230 390 2315 ἀνεπιτήδειον
420 2229 550 2320 ἀρότρῳ
577 2228 632 2295 καί
655 2240 773 2315 φυτοῖς
795 2230 935 2313 χωρίον,
962 2229 1039 2302 τοὺς
1062 2225 1181 2295 τένον-

157 2361 215 2415 τας
236 2337 435 2416 κοψάτωσαν
453 2346 510 2421 τῆς
527 2340 617 2421 βοός,
639 2336 750 2420 <222>
768 2333 823 2400 καὶ
845 2330 999 2419 χέρνιβας
1022 2329 1180 2417 ἑλόμενοι
1195 2355 1220 2394 ιο

158 2441 241 2530 ὑπὲρ
265 2446 409 2528 κεφαλῆς
432 2449 489 2523 τῆς
510 2444 589 2524 βοὸς
612 2443 647 2507 οί
664 2443 762 2527 ίερεῖς
784 2439 839 2505 καί
862 2441 898 2505 οί
917 2443 1055 2504 Λευῖται
1078 2439 1138 2506 καὶ
1161 2441 1182 2525 ἡ

156 2552 314 2633 γερουσία
338 2555 395 2629 της
419 2549 546 2623 πόλεως
569 2546 696 2630 ἐκείνης
722 2547 873 2633 καθαράς
897 2544 1183 2629 ἀναβοησάτωσαν

155 2655 213 2730 τάς
230 2663 341 2739 χεῖρας
360 2655 447 2737 ἔχειν
465 2650 529 2717 ἀπὸ
548 2663 608 2718 τοῦ
626 2655 748 2737 φόνου,
770 2651 826 2717 καὶ
849 2656 928 2737 μήτε
952 2653 1073 2738 δρᾶσαι
1097 2657 1182 2738 μήτε

158 2757 317 2848 δρωμένῳ
346 2769 562 2844 παρατυχεῖν,
589 2758 819 2824 ἐπικαλεῖσθαι
848 2757 877 2824 δ’
904 2760 981 2823 ἵλεω
1010 2759 1070 2823 τὸν
1092 2762 1182 2826 θεὸν

138 2865 212 2933 καὶ
235 2863 348 2951 μηκέτι
375 2873 506 2931 τοιοῦτο
531 2867 644 2931 δεινὸν
668 2868 835 2949 συμβῆναι
857 2873 896 2950 τῇ
920 2873 962 2949 γη
984 2865 1101 2941 πάθος.
1197 2885 1222 2926 ει

106 2988 137 3039 17
225 2974 336 3058 <223>
361 2971 592 3059 ἀριστοκρατία
615 2969 676 3057 μέν
699 2968 761 3038 οὖν
784 2973 959 3059 κράτιστον
981 2969 1035 3035 καί
1059 2970 1078 3035 6
1101 2971 1176 3038 κατ’

156 3081 260 3165 αὐτὴν
278 3083 362 3164 βίος,
391 3077 446 3144 καί
464 3080 507 3163 μή
526 3078 621 3162 λάβοι
641 3084 748 3155 πόθος
767 3078 852 3162 ὑμᾶς
875 3078 976 3160 άλλης
998 3080 1181 3163 πολιτείας,

155 3186 239 3252 ἀλλά
261 3187 388 3269 ταύτην
412 3182 593 3271 στέργοιτε,
616 3189 694 3262 τοὺς
715 3188 838 3269 νόμους
862 3186 990 3269 ἔχοντες
1014 3184 1181 3263 δεσπότας

157 3289 211 3355 καὶ
243 3291 324 3388 κατά
358 3291 496 3369 τούτους
527 3291 646 3356 ἕκαστα
676 3290 882 3377 πράττοντες.
935 3288 1028 3375 ἀρκεῖ
1059 3290 1125 3374 γάρ
1160 3292 1179 3357 6

217 3436 235 3497 ἒ
253 3436 309 3489 219
329 3459 365 3480 =
384 3431 499 3487 Denter.
524 3431 603 3487 XVII
626 3437 656 3497 ὃς
682 3430 747 3484 XIX
772 3437 812 3484 15.
903 3434 918 3493 ὅ
939 3434 990 3482 220
1006 3454 1039 3472 =
1058 3427 1177 3485 Deuter.

129 3518 204 3574 XXI
220 3530 243 3579 1.
