2460 3848
95 151 163 218 212
466 155 740 208 ΔΡΧΑΙΟΛΟΓΙΔΣ

95 313 268 384 ἀναδοθέν
294 312 372 383 καθ’
397 315 593 401 ὑποδρομὴν
620 319 801 400 καύματος,
831 318 907 383 οὔτε
929 318 1014 382 κατὰ
1039 321 1123 402 βίαν

96 425 295 510 πνευμάτων
325 423 407 505 ὕλης
437 424 521 508 πρὸς
552 421 657 507 αὑτήν
686 427 942 510 παρατριβείσης
970 424 1124 510 αὐτομά-

96 554 161 609 τως
183 530 385 616 ἐξεκρούσθη
392 578 402 613 ,
431 526 503 594 ἀλλ’
531 529 649 596 ὁποῖον
677 529 762 614 <άν>
789 537 875 596 θεοῦ
897 531 1124 610 κελεύσαντος

96 635 241 722 ἁφθείη,
270 637 423 721 λαμπρὸν
454 632 510 700 καὶ
540 634 828 720 φλογωδέστατον·
874 636 962 720 <56>
985 634 1048 721 ὑφ’
1077 634 1123 704 οὗ

95 743 235 824 πάντες,
266 742 302 807 ολ
329 764 365 807 τε
398 744 563 808 διακόσιοι
594 738 650 806 καὶ
676 745 881 826 πεντήκοντα
907 740 962 807 καὶ
991 746 1152 829 Κορῆς,5

97 845 236 934 ᾄξαντος
268 844 319 914 ἐπ’
346 848 468 928 αὐτούς
501 847 714 934 ἐφθάρησαν,
746 849 791 924 ὡς
821 847 878 914 καὶ
909 850 950 914 τά
980 850 1125 934 σώματα

96 953 208 1019 αὐτῶν
226 952 338 1040 ἀφανῆ
351 953 535 1041 μεμονέναι.
570 956 783 1041 περισώζεται
802 951 839 1019 δέ
857 957 961 1039 μόνος
975 951 1125 1042 Ἀαρών,

97 1055 203 1144 μηδὲν
224 1059 291 1128 ὑπὸ
314 1073 374 1128 τοῦ
396 1065 501 1149 πυρὸς
519 1063 664 1146 βλαβείς,
686 1069 731 1148 τῷ
755 1062 815 1126 τὸν
837 1063 923 1126 θεὸν
946 1055 1035 1126 εἶναι
1059 1066 1124 1129 τὸν

97 1165 157 1244 οὓς
183 1169 253 1233 ἔδει
279 1172 385 1234 καίειν
413 1167 647 1233 ἀπεσταλκότα.
694 1167 783 1250 <57>
805 1170 957 1251 Μωυσῆς
980 1164 1019 1232 δέ
1043 1171 1126 1234 τού-

96 1294 165 1338 των
205 1271 421 1359 ἀπολομένων
462 1277 666 1359 βουλόμενος
705 1275 766 1358 τῆν
806 1276 969 1359 τιμωρίαν
1006 1274 1125 1340 αὐτῶν
1141 1294 1166 1333 1⁰

101 1382 214 1467 μνήμη
236 1383 471 1467 παραδοθῆναι
498 1377 554 1446 καὶ
580 1383 658 1456 τοὺς
685 1375 786 1456 αὖθις
808 1376 989 1464 ἐσομένους
1012 1381 1125 1466 αύτῆν

101 1491 244 1572 μαθεῖν,
277 1486 449 1554 ἐκέλευσεν
473 1482 666 1573 Ἐλεάζαρον
697 1489 757 1552 τὸν
776 1483 942 1572 Ἀαρῶνος
972 1487 1052 1552 υίὸν
1081 1491 1125 1553 τὰ

100 1595 305 1678 θυμιατήρια
327 1593 438 1659 αὐτῶν
459 1594 548 1680 παρὰ
570 1594 630 1658 τὸν
652 1597 798 1678 χαλκοῦν
820 1589 1031 1658 καταθέσθαι
1053 1597 1125 1678 βω-

101 1701 177 1783 μόν,
199 1698 286 1782 <58>
300 1700 345 1776 ὡς
363 1700 406 1765 ἀν
424 1700 608 1784 ὑπόμνησις
626 1706 676 1783 εἴη
695 1711 764 1775 τοῖς
782 1694 883 1775 αὖθις
906 1693 953 1763 ὧν
977 1701 1126 1784 ἔπαθον,

102 1804 153 1870 ὅτι
166 1807 228 1890 τῆν
243 1807 341 1891 ἰσχὺν
358 1816 418 1872 τοῦ
436 1812 522 1871 θεοῦ
539 1808 712 1890 νομίσειαν
731 1804 920 1870 ἀπατᾶσθαι
940 1806 1126 1873 δύνασθαι.
1142 1822 1167 1864 15

101 1909 158 1976 καλ
177 1907 305 1998 Ἀαρὼν
328 1908 390 1996 μέν
414 1909 524 1977 οὐκέτι
546 1920 585 1996 τῆ
607 1909 773 1988 Μωυσέος
795 1911 903 1998 χάριτι
925 1912 987 1995 τῆν
1010 1911 1127 1998 ἀρχιε-

102 2019 259 2105 ρωσύνην
274 2021 361 2104 ἔχειν
376 2020 498 2101 δοκῶν,
521 2018 604 2084 ἀλλὰ
624 2027 663 2103 τῆ
681 2027 742 2083 τοῦ
760 2022 846 2082 θεοῦ
864 2021 971 2102 κρίσει
989 2031 1127 2110 φανερᾷ

101 2123 277 2212 γενομένη,
291 2126 453 2210 μετὰτῶν
462 2124 549 2189 οίῦν
558 2125 622 2208 ήδη
637 2126 779 2208 βεβαίως
793 2121 936 2188 ἀπέλαυε
945 2133 1003 2207 τῆς
1016 2136 1126 2210 τιμῆς.

65 2233 88 2297 4
168 2231 256 2316 <59>
283 2234 345 2316 τῆν
372 2230 486 2316 μέντοι
516 2231 634 2296 στάσιν
661 2226 734 2295 οὐδ’
762 2229 867 2305 οὕτως
890 2227 1012 2314 συνέβη
1038 2235 1127 2298 παύ-

104 2343 248 2422 σασθαι,
280 2344 392 2426 πολλῷ
418 2336 455 2404 δὲ
483 2343 609 2423 μᾶλλον
637 2336 749 2415 αὔξειν
777 2333 833 2401 καλ
855 2338 1002 2421 φύεσθαι
1025 2343 1125 2421 χαλε-
1141 2356 1167 2394 2⁰

102 2442 268 2532 πωτέραν·
302 2445 466 2529 ἐλάμβανε
499 2440 536 2508 δὲ
567 2452 624 2526 τῆς
653 2440 706 2507 ἐπὶ
737 2445 775 2508 τὸ
807 2455 920 2529 χεῖρον
952 2454 1127 2528 προκοπῆς

103 2554 234 2635 αἰτίαν,
266 2549 324 2636 ὑφ’
351 2546 389 2634 ῆς
422 2548 580 2617 οὐδέποτε
612 2547 724 2634 λήξειν
757 2551 793 2614 τὸ
823 2550 936 2614 δεινὸν
964 2549 1052 2624 είκὸς
1078 2545 1125 2633 ῆν

103 2653 176 2722 ἀλλ’
203 2661 251 2736 είς
280 2660 403 2743 χρόνον
434 2665 645 2742 παραμενεῖν.
692 2653 779 2737 <60>
803 2654 839 2718 οί
859 2656 922 2739 γάρ
945 2656 1126 2740 ἄνθρωποι

103 2767 354 2839 πεπιστευκότες
376 2764 439 2847 ήδη
471 2757 575 2846 μηδὲν
598 2763 752 2844 γίνεσθαι
775 2760 852 2844 δίχα
874 2768 931 2843 τῆς
952 2770 1013 2825 τοῦ
1035 2766 1126 2828 θεοῦ

104 2875 275 2957 προνοίας,
298 2870 359 2937 οὐκ
379 2869 558 2954 ἐβούλοντο
582 2877 684 2933 ταῦτα
706 2864 807 2954 χωρὶς
828 2875 885 2950 τῆς
907 2867 955 2942 είς
967 2869 1126 2951 Μωυσῆν
1140 2886 1166 2928 ει

105 2977 237 3064 χάριτος
254 2987 315 3044 τοῦ
333 2982 418 3042 θεοῦ
435 2981 635 3061 πεπρᾶχθαι,
658 2975 865 3059 κατηγόρουν
885 2970 915 3037 δ’
934 2973 1037 3039 αὐτοῦ
1060 2975 1126 3058 τῆν

106 3083 212 3171 ὀργῆν
235 3094 296 3150 τοῦ
318 3089 403 3149 θεοῦ
422 3080 580 3166 γενέσθαι
599 3081 761 3165 τοσαύτην
786 3079 847 3165 οὐχ
871 3078 957 3145 οὕτω
982 3080 1037 3144 διὰ
1061 3082 1126 3165 τήν

105 3201 172 3256 τῶν
195 3188 432 3257 κολασθέντων
455 3188 588 3254 ἀδικίαν
619 3189 663 3265 ὡς
684 3185 849 3263 Μωυσέος
871 3204 1126 3271 πραγματευσα-

105 3293 225 3380 μένου,
253 3298 341 3381 <61>
363 3295 419 3362 καὶ
441 3299 518 3373 τοὺς
540 3292 602 3380 μὲν
626 3293 831 3379 διεφθάρθαι
855 3289 960 3376 μηδὲν
984 3290 1126 3379 ἐξαμαρ,

97 3405 221 3482 πάντας
248 3402 269 3490 ῆ
297 3402 348 3470 ότι
375 3400 450 3490 περὶ
478 3404 539 3487 τήν
562 3412 622 3468 τοῦ
645 3406 729 3465 θεοῦ
751 3402 935 3484 θρησκείαν
958 3397 1126 3463 έσπουδά-
1140 3419 1167 3458 ιο

155 3533 174 3595 ἕ
194 3534 231 3587 όό
246 3556 283 3580 =
298 3528 387 3592 Num.
406 3528 476 3589 XVI
495 3534 538 3587 35.
